,Symbol,Date,Diluted EPS,Total Assets,Total Liabilities Net Minority Interest,Total Equity Gross Minority Interest,Common Stock Equity,Tangible Book Value,Invested Capital,End Cash Position,Financing Cash Flow,Operating Cash Flow,Total Revenue,Diluted Average Shares,Investing Cash Flow,Normalized Income,Tax Effect of Unusual Items,Pretax Income
0,ACIA,12/31/2019,0.0,721415.0,142992.0,578423.0,578423.0,578423.0,578423.0,36617.0,6933.0,72819.0,464663.0,42554.0,-103579.0,,,
1,ACMR,12/31/2019,0.0,217703.0,120382.0,97321.0,97321.0,96977.0,111074.0,117859.0,87445.0,9403.0,107524.0,19135.0,-5531.0,,,
2,ADBE,11/30/2019,0.006,20762400.0,10232245.0,10530155.0,10530155.0,-1881609.0,14668422.0,2650221.0,-2946044.0,4421813.0,11171297.0,491572.0,-455584.0,,,
3,AGMH,12/31/2019,0.0,14514.0,2663.0,11851.0,11851.0,4718.0,11851.0,2077.0,-526.329,-196.393,709.63,20951.0,-5010.0,,,
4,AIRG,12/31/2019,0.0,54726.0,6822.0,47904.0,47904.0,40407.0,47904.0,13197.0,-392.0,2350.0,55739.0,10097.0,-2382.0,,,
5,API,12/31/2019,0.0,131159.0,258452.0,-127293.0,-127293.0,-127293.0,-127293.0,105683.0,0.0,706.423,64429.0,70893.0,-3353.0,,,
6,JOBS,12/31/2019,0.008,14289542.0,3315506.0,10974036.0,10948331.0,9709045.0,10948331.0,2361073.0,281376.0,1761773.0,4000025.0,66683.0,-1678532.0,,,
7,KERN,6/30/2020,-0.002,58530.0,21955.0,36574.0,31870.0,1493.0,48206.0,24656.0,20234.0,-14348.0,12573.0,6045.0,-3598.0,,,
8,TWOU,12/31/2019,-0.0038,1186830.0,475580.0,711250.0,711250.0,-40175.0,957870.0,189869.0,244518.0,-51974.0,574671.0,61394.0,-451398.0,,,
9,VNET,12/31/2019,-0.0016,14273706.0,9042078.0,5231628.0,4953073.0,3552948.0,8271428.0,2357177.0,461557.0,802922.0,3788967.0,111472.0,-1611983.0,,,
10,AAOI,12/31/2019,-0.0033,466825.0,193031.0,273794.0,273794.0,264115.0,407068.0,67028.0,42596.0,-1754.0,190872.0,19982.0,-32116.0,-66054.0,1.995,-51387.0
11,AAPL,9/30/2019,0.003,338516000.0,248028000.0,90488000.0,90488000.0,90488000.0,198535000.0,50224000.0,-90976000.0,69391000.0,260174000.0,18595652.0,45896000.0,55256000.0,0.0,65737000.0
12,ALLT,12/31/2019,0.0,215169.0,83318.0,131851.0,131851.0,96814.0,131851.0,16930.0,993.0,16092.0,110100.0,34251.0,-16491.0,-8402.0,-76.82,-7018.0
13,ALOT,1/31/2020,0.0,116664.0,45289.0,71375.0,71375.0,33958.0,90798.0,4249.0,-3742.0,3224.0,133446.0,7238.0,-2906.0,1655.0,38.61,1370.0
14,ALRM,12/31/2019,0.0011,557799.0,202148.0,355651.0,355651.0,147250.0,418651.0,119629.0,-130.0,47112.0,502363.0,50274.0,-73414.0,53531.0,0.0,58896.0
15,ALTR,12/31/2019,0.0,743145.0,386086.0,357059.0,357059.0,56301.0,535727.0,223497.0,191916.0,31393.0,458915.0,71544.0,-35839.0,-6998.0,-201.15,3388.0
16,AMAT,10/31/2019,0.0029,19024000.0,10810000.0,8214000.0,8214000.0,4659000.0,13527000.0,3129000.0,-3115000.0,3247000.0,14608000.0,945000.0,-443000.0,2706000.0,0.0,3269000.0
17,AMBA,1/31/2020,-0.0014,527276.0,79204.0,448072.0,448072.0,403645.0,448072.0,231412.0,6516.0,39414.0,228732.0,33084.0,-8576.0,-44792.0,0.0,-41628.0
18,AMKR,12/31/2019,0.0,4695615.0,2705376.0,1990239.0,1963739.0,1937763.0,3413973.0,898532.0,108250.0,563850.0,4052650.0,240122.0,-462489.0,126394.0,-1672.0,159810.0
19,AMST,6/30/2020,0.0,5705.0,2705.0,3000.0,3000.0,1723.0,3000.0,4094.0,6691.0,-2810.0,59.749,13479.0,-795.748,-4170.0,0.0,-4170.0
20,ANSS,12/31/2019,0.0053,4838887.0,1385508.0,3453379.0,3453379.0,563388.0,3951910.0,872094.0,429409.0,499936.0,1515892.0,85925.0,-833548.0,453176.0,-296.072,522583.0
21,AOSL,6/30/2020,0.0,792939.0,361051.0,431888.0,293689.0,268417.0,423578.0,162704.0,37651.0,62315.0,464909.0,24840.0,-60849.0,-6095.0,-99.0,-17909.0
22,APPF,12/31/2019,0.001,260102.0,128152.0,131950.0,131950.0,22125.0,180533.0,16247.0,-7272.0,38887.0,256012.0,35567.0,-89874.0,36282.0,0.0,4823.0
23,APPN,12/31/2019,0.0,371485.0,166248.0,205237.0,205237.0,205237.0,205237.0,159755.0,105549.0,-8926.0,260352.0,65479.0,-32421.0,-50714.0,0.0,-49894.0
24,ASML,12/31/2019,0.0061,22629600.0,10037400.0,12592200.0,12592200.0,6946700.0,15700500.0,3532300.0,-1712300.0,3276400.0,11820000.0,421600.0,-1157500.0,2574100.0,0.0,2765800.0
25,ATOM,12/31/2019,0.0,15240.0,1468.0,13772.0,13772.0,13772.0,13772.0,14871.0,6397.0,-10408.0,533.0,15852.0,-51.0,-13300.0,0.0,-13300.0
26,AVCT,3/31/2020,0.0,1963.0,16651.0,-14688.0,-14688.0,-14688.0,-6122.0,1879.0,-286664.0,-3412.0,0.0,8376.0,291819.0,-5024.0,0.0,-4808.0
27,AZPN,6/30/2020,0.0037,1232502.0,738787.0,493715.0,493715.0,312881.0,921247.0,287796.0,49435.0,243258.0,590181.0,70787.0,-76203.0,225708.0,0.0,270821.0
28,GOOG,12/31/2019,0.0492,275909000.0,74467000.0,201442000.0,201442000.0,178839000.0,205400000.0,18498000.0,-23209000.0,54520000.0,161857000.0,698556.0,-29491000.0,33299132.0,160132.0,39625000.0
29,TEAM,6/30/2020,-0.0027,3894072.0,3318766.0,575306.0,575306.0,-199524.0,1464489.0,1479969.0,-42575.0,574210.0,1614173.0,238611.0,-318931.0,-74991.0,-64662.0,-346209.0
30,ACLS,12/31/2019,0.0,548094.0,128667.0,419427.0,419427.0,419427.0,419427.0,146534.0,-13408.0,-13594.0,342958.0,33828.0,-11969.0,17034.0,0.0,20922.0
31,AVGO,10/31/2019,0.0064,67493000.0,42523000.0,24970000.0,24941000.0,-29327000.0,57739000.0,5055000.0,6488000.0,9697000.0,22597000.0,419000.0,-15422000.0,3191661.0,-135339.0,2226000.0
32,AVID,12/31/2019,0.0,304293.0,459378.0,-155085.0,-155085.0,-187728.0,74503.0,72575.0,-7644.0,19641.0,411788.0,43495.0,-7185.0,8060.0,-169.83,2525.0
33,AWRE,12/31/2019,0.0,57555.0,4120.0,53435.0,53435.0,53435.0,53435.0,47742.0,-814.0,-2945.0,12204.0,21523.0,-111.0,-8340.0,0.0,-3129.0
34,AXTI,12/31/2019,0.0,223349.0,30587.0,192762.0,184353.0,183229.0,190100.0,26892.0,6186.0,12658.0,83256.0,39487.0,-8328.0,-2834.0,86.67,-1026.0
35,BAND,12/31/2019,0.0,341416.0,71326.0,270090.0,270090.0,256654.0,270090.0,185004.0,152418.0,-1253.0,232594.0,23924.0,-7653.0,2494.0,0.0,-15224.0
36,BBSI,12/31/2019,0.0063,860929.0,689130.0,171799.0,171799.0,123979.0,175750.0,273341.0,-10811.0,77137.0,942311.0,7699.0,66313.0,38401.0,2629.0,61138.0
37,BCOV,12/31/2019,0.0,172867.0,98744.0,74123.0,74123.0,-654.0,74123.0,22759.0,3177.0,2708.0,184455.0,38028.0,-12618.0,-10754.0,-297.622,-21343.0
38,BIDU,12/31/2019,0.0056,301316000.0,129610000.0,171706000.0,163599000.0,137462000.0,230364000.0,34439000.0,-3873000.0,28458000.0,107413000.0,348849.0,-19974000.0,2081750.0,-8250.0,-340000.0
39,BIGC,12/31/2019,0.0,56064.0,89613.0,-33549.0,-257303.0,-257303.0,-216438.0,9150.0,17351.0,-39969.0,112103.0,54926.0,17871.0,-42590.0,0.0,-42562.0
40,BILI,12/31/2019,-0.004,15516567.0,7880107.0,7636460.0,7052484.0,4383125.0,10467112.0,4962660.0,5078842.0,194551.0,6777922.0,323162.0,-3958277.0,-1352589.0,21205.0,-1267703.0
41,BL,12/31/2019,0.0,1014552.0,615939.0,398613.0,398613.0,184686.0,782956.0,120502.0,452512.0,29724.0,288976.0,55320.0,-408450.0,-32535.0,0.0,-30421.0
42,BLCT,12/31/2019,-0.0192,466876.0,1241397.0,-774522.0,-1387500.0,-1387500.0,-1387500.0,297274.0,-22252.0,-31642.0,758888.0,35651.0,285594.0,-52901.0,-9.5973,-51999.0
43,BLKB,12/31/2019,0.0,1992963.0,1596199.0,396764.0,396764.0,-656521.0,863864.0,577295.0,111213.0,182477.0,900423.0,48312.0,-167219.0,16148.0,-1568.0,10585.0
44,BNFT,12/31/2019,-0.0014,331683.0,357327.0,-25644.0,-25644.0,-51168.0,162305.0,130976.0,-7415.0,-18375.0,295686.0,32540.0,-34162.0,-45515.0,0.0,-45488.0
45,BRKS,9/30/2019,0.0061,1515999.0,377045.0,1138954.0,1138954.0,399184.0,1190098.0,305171.0,-191161.0,90898.0,780848.0,72386.0,211312.0,21404.0,-4383.0,9443.0
46,BRQS,12/31/2018,-0.0023,80392.0,102866.0,-22474.0,-22178.0,-33620.0,-5398.0,2975.0,-11540.0,2581.0,128420.0,31200.0,-4261.0,-69197.0,124.75,-68727.0
47,BSY,12/31/2019,0.0,994599.0,659980.0,334619.0,334619.0,-191759.0,568369.0,121101.0,-77048.0,170773.0,736654.0,261235.0,-53693.0,107651.0,-1036.0,128109.0
48,CAMP,2/29/2020,-0.0024,495805.0,357886.0,137919.0,137919.0,-14311.0,348126.0,107404.0,-94820.0,11544.0,366107.0,33670.0,-65698.0,-63643.0,-5793.0,-58320.0
49,CAN,12/31/2019,-0.0072,991426.0,298631.0,692795.0,692795.0,692795.0,820160.0,524846.0,277951.0,-280058.0,1422623.0,143545.0,-16330.0,-1044374.0,0.0,-1034510.0
50,CARG,12/31/2019,0.0,393623.0,136768.0,256855.0,256855.0,237728.0,256855.0,70723.0,-14693.0,70116.0,588916.0,113432.0,-22257.0,42146.0,0.0,38705.0
51,CASA,12/31/2019,0.0,444312.0,405748.0,38564.0,38564.0,-52931.0,331844.0,114657.0,-9527.0,-39022.0,282297.0,83853.0,-118022.0,-48424.0,80.46,-24415.0
52,CDLX,12/31/2019,0.0,224313.0,81046.0,143267.0,143267.0,139063.0,143267.0,104587.0,44179.0,11457.0,210430.0,23811.0,-11020.0,-17872.0,1.606,-17144.0
53,CERN,12/31/2019,0.0017,6894622.0,2577294.0,4317328.0,4317328.0,2129872.0,5355710.0,441843.0,-601380.0,1313099.0,5692598.0,321235.0,-640408.0,505461.0,5628.0,654512.0
54,CHKP,12/31/2019,0.0054,5764900.0,2196100.0,3568800.0,3568800.0,2544100.0,3568800.0,279200.0,-1188700.0,1104300.0,1994800.0,152100.0,60000.0,832924.0,-1176.0,962400.0
55,CHNG,3/31/2020,-0.0069,10107380.0,6821933.0,3285447.0,3285447.0,-4875684.0,8274520.0,410405.0,1125570.0,-153928.0,196792.0,136997.0,-564662.0,-473746.0,-71432.0,-1090851.0
56,CMBM,12/31/2019,0.0,172479.0,132550.0,39929.0,39929.0,12882.0,103541.0,19346.0,20022.0,3553.0,267028.0,19733.0,-8612.0,-17601.0,0.0,-7321.0
57,CSIQ,12/31/2019,0.0028,5467207.0,4042149.0,1425058.0,1393134.0,1309507.0,3776895.0,1205420.0,-34614.0,600111.0,3200583.0,60778.0,-294102.0,179150.0,-1915.0,179673.0
58,EPAY,6/30/2020,0.0,793137.0,400803.0,392334.0,392334.0,32510.0,572334.0,194832.0,54624.0,97171.0,442221.0,41691.0,-47530.0,-9229.0,0.0,-7401.0
59,JG,12/31/2019,0.0,939923.0,432135.0,507788.0,507788.0,498978.0,737819.0,431574.0,-33883.0,-25758.0,906458.0,114561.0,-88966.0,-130562.0,6907.0,-109679.0
60,CCMP,9/30/2019,0.0014,2261766.0,1281389.0,980377.0,980377.0,-483738.0,1922153.0,188495.0,894432.0,174981.0,1037696.0,29094.0,-1232976.0,81053.0,-25534.0,63106.0
61,CCRN,12/31/2019,-0.0016,382374.0,218874.0,163500.0,162632.0,10709.0,233606.0,1032.0,-17599.0,5542.0,822224.0,35815.0,-2940.0,-38041.0,-7276.0,-24211.0
62,CLPS,6/30/2019,0.0,32663.0,11266.0,21397.0,20788.0,19913.0,22973.0,6601.0,466.782,401.107,64933.0,13844.0,-3862.0,-3270.0,0.0,-3101.0
63,COMM,12/31/2019,-0.005,14431600.0,12595300.0,1836300.0,836300.0,-8899000.0,10668700.0,598200.0,4698600.0,596400.0,8345100.0,193700.0,-5154900.0,-518019.0,-64219.0,-1074000.0
64,COUP,1/31/2020,-0.0015,1594073.0,1131581.0,462492.0,462492.0,-108280.0,1212219.0,268280.0,696655.0,68156.0,389719.0,62484.0,-637850.0,-90832.0,0.0,-101767.0
65,CPSI,12/31/2019,0.0014,339589.0,155242.0,184347.0,184347.0,-48979.0,292210.0,7356.0,-29484.0,43601.0,274634.0,13778.0,-12493.0,16168.0,700.0,23696.0
66,CREE,6/30/2020,-0.0035,3231000.0,1141800.0,2089200.0,2083100.0,1373500.0,2866900.0,448800.0,464300.0,-29000.0,903900.0,106570.0,-486900.0,-204000.0,0.0,-190400.0
67,CRSR,12/31/2019,0.0,1059718.0,842943.0,216775.0,216775.0,-387002.0,722587.0,51947.0,132314.0,37103.0,1097174.0,91849.0,-145427.0,-8394.0,0.0,-13399.0
68,CRTO,12/31/2019,0.0014,1790384.0,752396.0,1037988.0,1007267.0,603281.0,1023687.0,418763.0,-59111.0,222832.0,2261516.0,65599.0,-103888.0,93878.0,-1292.0,135465.0
69,CRUS,3/31/2020,0.0026,1592677.0,362898.0,1229779.0,1229779.0,908261.0,1229779.0,292119.0,-119647.0,295815.0,1281124.0,60462.0,-100221.0,178792.0,-2631.0,181266.0
70,CRWD,1/31/2020,0.0,1404906.0,662299.0,742607.0,742107.0,733858.0,742107.0,264798.0,706144.0,99943.0,481413.0,148062.0,-629631.0,-141779.0,0.0,-139782.0
71,CSCO,7/31/2020,0.0026,94853000.0,56933000.0,37920000.0,37920000.0,2538000.0,52503000.0,11812000.0,-18886000.0,15426000.0,49301000.0,4453000.0,3500000.0,11494247.0,-68753.0,13970000.0
72,CSGS,12/31/2019,0.0025,1283030.0,886368.0,396662.0,396662.0,-879.0,753484.0,156548.0,-78228.0,151076.0,996810.0,32465.0,-56636.0,86541.0,-1063.0,105723.0
73,CSOD,12/31/2019,0.0,966101.0,807619.0,158482.0,158482.0,51566.0,451656.0,215907.0,14775.0,115549.0,576523.0,60086.0,-97727.0,-4054.0,0.0,-1364.0
74,CSPI,9/30/2019,0.0,59369.0,28941.0,30428.0,30428.0,30391.0,33888.0,18099.0,-2250.0,-3329.0,79061.0,3924.0,-976.0,-502.723,25.277,-442.0
75,CTSH,12/31/2019,0.0033,16204000.0,5182000.0,11022000.0,11022000.0,6002000.0,11760000.0,2645000.0,-2569000.0,2499000.0,16783000.0,560000.0,1588000.0,2052654.0,-71346.0,2543000.0
76,CTXS,12/31/2019,0.005,4388926.0,3551270.0,837656.0,837656.0,-1069230.0,1580582.0,545761.0,-1890510.0,783070.0,3010564.0,135495.0,1035749.0,696541.0,-7519.0,509500.0
77,CVLT,3/31/2020,0.0,845076.0,433172.0,411904.0,411904.0,253119.0,411904.0,296082.0,-39403.0,88464.0,670885.0,45793.0,-74005.0,7177.0,-4743.0,-12546.0
78,CYBR,12/31/2019,0.0016,1405166.0,781034.0,624132.0,624132.0,532589.0,1109251.0,792413.0,532042.0,141710.0,433895.0,38890.0,-143222.0,63787.0,-80.3,70084.0
79,DADA,12/31/2019,-0.0111,4286115.0,11477077.0,-7190962.0,-7190962.0,-8864444.0,-7190962.0,1156133.0,0.0,-1297838.0,3099698.0,222234.0,-267460.0,-1656478.0,-66.85,-1678813.0
80,DBX,12/31/2019,0.0,2699200.0,1890800.0,808400.0,808400.0,526500.0,808400.0,551300.0,-176700.0,528500.0,1661300.0,411600.0,-320000.0,-52700.0,0.0,-52000.0
81,DCT,8/31/2019,0.0,467277.0,78211.0,389066.0,389066.0,17855.0,393066.0,11999.0,3198.0,14833.0,171273.0,111052.0,-19911.0,-16628.0,0.0,-15746.0
82,DDOG,12/31/2019,0.0,1038041.0,255700.0,782341.0,782341.0,771848.0,782341.0,601189.0,714216.0,24234.0,362780.0,139873.0,-202220.0,-16710.0,0.0,-15976.0
83,DGII,9/30/2019,0.0,398698.0,49720.0,348978.0,348978.0,164889.0,348978.0,92792.0,1113.0,28964.0,254203.0,28554.0,5511.0,9880.0,9.309,11145.0
84,DOCU,1/31/2020,-0.0012,1891138.0,1344811.0,546327.0,546327.0,294945.0,1011648.0,241483.0,-70455.0,115696.0,973971.0,176704.0,-321489.0,-207649.0,-262.44,-203556.0
85,DOMO,1/31/2020,-0.0046,216738.0,265918.0,-49180.0,-49180.0,-62523.0,51894.0,80843.0,7984.0,-80219.0,173395.0,27520.0,-23815.0,-125656.0,0.0,-124902.0
86,DOYU,12/31/2019,0.0,9103670.0,1840306.0,7263364.0,7241909.0,7012879.0,7241909.0,8134893.0,1896332.0,813176.0,7283230.0,314429.0,-246303.0,7708.0,0.0,36590.0
87,DSPG,12/31/2019,0.0,205925.0,52831.0,153094.0,153094.0,146190.0,153094.0,28737.0,1351.0,10472.0,117613.0,22827.0,4275.0,-622.79,-209.79,-2750.0
88,EBON,12/31/2019,0.0,82611.0,57040.0,25571.0,17979.0,14195.0,40476.0,5778.0,8548.0,-13260.0,109060.0,131035.0,-5809.0,-46674.0,1423.0,-40673.0
89,EGAN,6/30/2020,0.0,93705.0,59064.0,34641.0,34641.0,21429.0,34641.0,46615.0,1410.0,14058.0,72729.0,31956.0,-514.0,7208.0,0.0,7986.0
90,EIGI,12/31/2019,0.0,2584086.0,2387132.0,196954.0,196954.0,-1883358.0,1878427.0,112997.0,-141638.0,161973.0,1113278.0,145260.0,3000.0,-32936.0,7615.0,5532.0
91,ELTK,12/31/2019,0.0,22829.0,16560.0,6269.0,6269.0,6269.0,12248.0,1628.0,-1132.0,2578.0,34794.0,3734.0,-806.0,1894.0,-4.3235,1870.0
92,EMKR,9/30/2019,-0.0013,109562.0,32816.0,76746.0,76746.0,76438.0,82243.0,21977.0,5799.0,-15151.0,87265.0,27983.0,-31803.0,-35893.0,-33.75,-35930.0
93,ENPH,12/31/2019,0.0012,713223.0,441011.0,272212.0,272212.0,216850.0,377755.0,296109.0,65850.0,139067.0,624333.0,131644.0,-14788.0,167014.0,-2170.0,90114.0
94,ERII,12/31/2019,0.0,188774.0,52761.0,136013.0,136013.0,123158.0,136013.0,26488.0,5963.0,5268.0,86942.0,56067.0,-6881.0,10913.0,0.0,12256.0
95,EVBG,12/31/2019,-0.0016,837296.0,616984.0,220312.0,220312.0,47504.0,650594.0,539662.0,494101.0,10317.0,200882.0,33162.0,-24574.0,-51224.0,-379.62,-51825.0
96,EVER,12/31/2019,0.0,91221.0,39451.0,51770.0,51770.0,51770.0,51770.0,46304.0,2982.0,4413.0,248811.0,25759.0,-2975.0,-5890.0,0.0,-7117.0
97,MRAM,12/31/2019,0.0,35372.0,16883.0,18489.0,18489.0,18489.0,26308.0,14487.0,85.0,-8116.0,37503.0,17317.0,-861.0,-13887.0,0.0,-14669.0
98,PLUS,3/31/2020,0.0052,909113.0,422968.0,486145.0,486145.0,333584.0,558903.0,86231.0,100634.0,-74174.0,1588404.0,13415.0,-20339.0,69082.0,0.0,95959.0
99,WATT,12/31/2019,-0.0013,24884.0,5871.0,19013.0,19013.0,19013.0,19013.0,21684.0,28395.0,-26621.0,200.143,30263.0,-196.199,-38392.0,0.0,-38399.0
100,EVOL,12/31/2019,0.0,19812.0,10694.0,9118.0,9118.0,5453.0,10817.0,3076.0,-4243.0,1079.0,25750.0,12157.0,-383.0,-4481.0,-1928.0,-8592.0
101,EXTR,6/30/2020,-0.0011,979088.0,973690.0,5398.0,5398.0,-394155.0,416499.0,193872.0,178492.0,35884.0,948019.0,119814.0,-189477.0,-87364.0,-14603.0,-120492.0
102,FB,12/31/2019,0.0064,133376000.0,32322000.0,101054000.0,101054000.0,81445000.0,101331000.0,19279000.0,-7299000.0,36314000.0,70697000.0,2876000.0,-19864000.0,18563225.0,-26775.0,24812000.0
103,FEYE,12/31/2019,-0.0012,2890486.0,2188820.0,701666.0,701666.0,-638046.0,1712227.0,334603.0,26273.0,67537.0,889152.0,207234.0,-169036.0,-249916.0,-2772.0,-251719.0
104,FFIV,9/30/2019,0.0071,3390275.0,1628778.0,1761497.0,1761497.0,587215.0,1761497.0,602254.0,-155447.0,747841.0,2242447.0,60456.0,-414634.0,427734.0,0.0,541111.0
105,FISV,12/31/2019,0.0013,77539000.0,42944000.0,34595000.0,32979000.0,-20701000.0,54494000.0,933000.0,14191000.0,2795000.0,10187000.0,679900.0,-16602000.0,880745.0,2745.0,1083000.0
106,FIVN,12/31/2019,0.0,482380.0,285922.0,196458.0,196458.0,169127.0,406062.0,77976.0,8474.0,51221.0,328006.0,60371.0,-63631.0,-4552.0,0.0,-4448.0
107,FLEX,3/31/2020,0.0,13689617.0,10858464.0,2831153.0,2831153.0,1504182.0,5669392.0,1922686.0,-508460.0,-1533276.0,24209870.0,515171.0,2279030.0,101113.0,-2772.0,158485.0
108,FORM,12/31/2019,0.0,839882.0,198885.0,640997.0,640997.0,384191.0,699482.0,147937.0,-6578.0,121048.0,589464.0,77286.0,-66352.0,39346.0,0.0,51063.0
109,FSLR,12/31/2019,-0.0011,7515689.0,2418922.0,5096767.0,5096767.0,5017762.0,5568464.0,1446510.0,74943.0,174201.0,3063117.0,105310.0,-362298.0,229183.0,-16593.0,-120129.0
110,FTNT,12/31/2019,0.0019,3885500.0,2563600.0,1321900.0,1321900.0,1223600.0,1321900.0,1222500.0,-195600.0,808000.0,2156200.0,175000.0,-502300.0,326500.0,0.0,379200.0
111,GAN,12/31/2019,0.0,26112.0,11010.0,15102.0,15102.0,9938.0,15102.0,10098.0,-535.0,6253.0,29971.0,23420.0,-2900.0,2109.0,-103.0381,2362.0
112,GDRX,12/31/2019,0.0,386796.0,1474378.0,-1087582.0,-1087582.0,-1350252.0,-416660.0,26050.0,-54781.0,83286.0,388224.0,357255.0,-37055.0,69950.0,-975.4,82978.0
113,GDS,12/31/2019,-0.0036,31492531.0,20136969.0,11355562.0,10293581.0,7245926.0,21509445.0,5973262.0,8361939.0,293436.0,4122405.0,137869.0,-5131231.0,-437583.0,-1500.0,-426433.0
114,GLUU,12/31/2019,0.0,418049.0,214962.0,203087.0,203087.0,82102.0,203087.0,127053.0,-443.0,35181.0,411381.0,157383.0,-5438.0,8871.0,0.0,9342.0
115,GRPN,12/31/2019,0.0,1586743.0,1191697.0,395046.0,393936.0,33627.0,608805.0,752657.0,-92619.0,71283.0,2218915.0,28370.0,-67591.0,2375.0,-10115.0,-13531.0
116,GSIT,3/31/2020,0.0,102561.0,12920.0,89641.0,89641.0,79174.0,89641.0,51506.0,3721.0,-4681.0,43343.0,22968.0,9971.0,-10337.0,0.0,-10090.0
117,GSMG,12/31/2019,0.0,79710.0,17454.0,62256.0,61781.0,47098.0,64024.0,2437.0,7693.0,-10586.0,65777.0,49768.0,-153.0,26323.0,0.0,26594.0
118,GSUM,12/31/2019,-0.0169,596972.0,954682.0,-357710.0,-367101.0,-387373.0,67190.0,26595.0,245402.0,-289546.0,326552.0,30828.0,-23315.0,-563728.0,1301.0,-563899.0
119,GTEC,12/31/2019,0.0,106484.0,59522.0,46962.0,38596.0,34724.0,71858.0,5717.0,-9644.0,7999.0,52401.0,7500.0,-1600.0,4681.0,-36.065,5935.0
120,GTYH,12/31/2019,0.0,434393.0,108770.0,325623.0,325623.0,-76800.0,325623.0,52.048,-347328.0,-1109.0,0.0,63130.0,347928.0,1797.0,0.0,1797.0
121,HCAT,12/31/2019,-0.0129,302360.0,101716.0,200644.0,200644.0,171415.0,248844.0,18032.0,231381.0,-32184.0,154941.0,18741.0,-209602.0,-58877.0,-450.9,-59954.0
122,HHR,12/31/2019,0.0284,13039122.0,9650929.0,3388193.0,3354930.0,-6332670.0,8483985.0,2089215.0,-2653440.0,2611054.0,7788741.0,50951.0,-637117.0,1481039.0,-13487.0,2225448.0
123,HIMX,12/31/2019,0.0,818481.0,387237.0,431244.0,432987.0,396099.0,654326.0,101055.0,35261.0,7656.0,671835.0,172550.0,-47767.0,-16014.0,800.0,-15768.0
124,HLIT,12/31/2019,0.0,587327.0,332471.0,254856.0,254856.0,10615.0,404013.0,93058.0,6305.0,31295.0,402874.0,89575.0,-10328.0,2028.0,-883.6,-6596.0
125,HSII,12/31/2019,0.0024,844173.0,535058.0,309115.0,309115.0,180349.0,309115.0,271719.0,-18240.0,78645.0,725614.0,19551.0,-69315.0,49663.0,-1336.0,69289.0
126,HSTM,12/31/2019,0.0,489544.0,151376.0,338168.0,338168.0,154446.0,338168.0,131538.0,-916.0,65657.0,254112.0,32428.0,-67524.0,14196.0,0.0,17929.0
127,IBEX,6/30/2020,0.0,195236.0,179088.0,16148.0,16148.0,1535.0,47406.0,21870.0,-33867.0,51719.0,405135.0,17691.0,-4835.0,7770.0,0.0,10085.0
128,ICHR,12/31/2019,0.0,566555.0,345139.0,221416.0,221416.0,-3621.0,399470.0,60612.0,-19882.0,57150.0,620837.0,22767.0,-20490.0,10729.0,0.0,4275.0
129,ICLK,12/31/2019,0.0,321516.0,206960.0,114556.0,102101.0,31973.0,187960.0,60706.0,44804.0,-30294.0,199408.0,113902.0,6762.0,-9376.0,-75.75,-10394.0
130,IDN,12/31/2019,0.0,13997.0,2248.0,11750.0,11750.0,3474.0,11750.0,3351.0,793.654,-1841.0,7664.0,15792.0,22.032,-2549.0,0.0,-2549.0
131,IMMR,12/31/2019,0.0,124848.0,41091.0,83757.0,83757.0,83757.0,83757.0,86478.0,-1331.0,-34099.0,35953.0,31529.0,10920.0,-20044.0,0.0,-19573.0
132,INFO,11/30/2019,0.0012,16087200.0,7671400.0,8415800.0,8415800.0,-5589500.0,13541300.0,111500.0,-958000.0,1251300.0,4414600.0,409200.0,-271500.0,561655.0,-28645.0,742900.0
133,INOD,12/31/2019,0.0,49746.0,26854.0,22892.0,26309.0,18724.0,26309.0,10874.0,-2870.0,4853.0,55858.0,25774.0,-1769.0,-1602.0,0.0,-528.0
134,INOV,12/31/2019,0.0,1908634.0,1220475.0,688159.0,688159.0,-750763.0,1581896.0,93094.0,-77002.0,106480.0,642410.0,148633.0,-51975.0,7775.0,0.0,5878.0
135,INPX,12/31/2019,-0.0475,21219.0,15171.0,6048.0,6022.0,-5992.0,13326.0,4849.0,19406.0,-10665.0,6301.0,741.53,-5108.0,-32737.0,-22.986,-34566.0
136,INSE,12/31/2019,-0.0017,327400.0,376900.0,-49500.0,-49500.0,-187200.0,223600.0,29100.0,113500.0,30700.0,153400.0,21893.0,-133400.0,-36051.0,-351.0,-36900.0
137,ISSC,9/30/2019,0.0,38557.0,2349.0,36208.0,36208.0,36159.0,36208.0,22417.0,0.0,2107.0,17573.0,16942.0,-81.281,1850.0,0.0,1852.0
138,IVAC,12/31/2019,0.0,126322.0,30529.0,95793.0,95793.0,95519.0,95793.0,20554.0,1520.0,4945.0,108885.0,23340.0,-5771.0,1153.0,-1.89,4507.0
139,INTU,7/31/2020,0.0059,10931000.0,5825000.0,5106000.0,5106000.0,3424000.0,8475000.0,6697000.0,2034000.0,2414000.0,7679000.0,264000.0,-97000.0,1826000.0,0.0,2198000.0
140,IPGP,12/31/2019,0.0034,2730436.0,327993.0,2402443.0,2401726.0,2245363.0,2443434.0,682984.0,-37067.0,323521.0,1314581.0,53839.0,-139975.0,221672.0,-15639.0,248376.0
141,ITRN,12/31/2019,0.0,339235.0,203321.0,135914.0,129330.0,55889.0,197243.0,53964.0,-38927.0,59679.0,279332.0,21037.0,-18287.0,27478.0,-6150.0,23204.0
142,JCOM,12/31/2019,0.0044,3505846.0,2194654.0,1311192.0,1311192.0,-878394.0,2759653.0,575615.0,456695.0,412539.0,1372054.0,49026.0,-505273.0,218806.0,0.0,199598.0
143,JKHY,6/30/2020,0.0035,2428474.0,878786.0,1549688.0,1549688.0,397863.0,1549688.0,213345.0,-192909.0,510532.0,1697067.0,77347.0,-197906.0,296668.0,0.0,381076.0
144,FROG,12/31/2019,0.0,238040.0,271474.0,-33434.0,-33434.0,-56362.0,-33434.0,40943.0,736.0,10004.0,104716.0,79194.0,-149585.0,-5394.0,0.0,-3766.0
145,KFRC,12/31/2019,0.0055,381125.0,213862.0,167263.0,167263.0,133464.0,232263.0,19831.0,-150083.0,66617.0,1347387.0,23772.0,103185.0,54566.0,0.0,71396.0
146,KTCC,6/30/2020,0.0,304861.0,189304.0,115557.0,115557.0,115557.0,186417.0,553.0,34533.0,-31004.0,449480.0,10816.0,-3577.0,4758.0,0.0,4319.0
147,YY,12/31/2019,0.0432,52209483.0,13791717.0,38417766.0,33065886.0,15202287.0,38631660.0,4551464.0,9469906.0,4581691.0,25576204.0,78254.0,-15609900.0,1047692.0,358253.0,4208111.0
148,KBNT,12/31/2019,0.0,473.639,5514.0,-5041.0,-5041.0,-5124.0,-1809.0,33.785,2824.0,-2692.0,177.635,7646.0,-105.013,-4133.0,0.0,-4133.0
149,KC,12/31/2019,-0.0065,6031821.0,10229080.0,-4197259.0,-4320445.0,-4327873.0,-4146094.0,2023263.0,64507.0,-439132.0,3956353.0,173785.0,883247.0,-1081978.0,-9740.0,-1102196.0
150,KOPN,12/31/2019,0.0,43047.0,14455.0,28592.0,28609.0,28609.0,28609.0,6029.0,7993.0,-21027.0,29519.0,80282.0,4743.0,-26596.0,-1077.0,-29266.0
151,KVHI,12/31/2019,0.0019,199391.0,49402.0,149989.0,149989.0,129638.0,149989.0,18365.0,-30756.0,-14165.0,157893.0,17459.0,46048.0,-16009.0,0.0,-20012.0
152,LCA,12/31/2019,0.0,321515.0,12023.0,309492.0,309492.0,309492.0,309492.0,1593.0,318160.0,-316.68,0.0,8032.0,-316250.0,2500.0,0.0,3164.0
153,LPSN,12/31/2019,-0.0015,512710.0,364175.0,148535.0,148535.0,41736.0,327547.0,176523.0,217851.0,-59158.0,291609.0,62593.0,-48506.0,-94580.0,-551.61,-93226.0
154,LPTH,6/30/2020,0.0,47575.0,13008.0,34567.0,34567.0,22004.0,39986.0,5387.0,-621.708,3733.0,34968.0,27470.0,-2256.0,788.6146,28.9656,1631.0
155,LRCX,6/30/2020,0.0137,14559047.0,9375558.0,5183489.0,5183489.0,3530521.0,10978967.0,5169083.0,-623930.0,2126451.0,10044736.0,159915.0,-244084.0,2254652.0,-417.942,2574978.0
156,LTRX,6/30/2020,0.0,67933.0,21413.0,46520.0,46520.0,18261.0,51674.0,7691.0,5904.0,-2521.0,59878.0,25281.0,-13974.0,-6265.0,-1655.0,-10594.0
157,LVGO,12/31/2019,-0.0011,560561.0,53197.0,507364.0,507364.0,455094.0,507364.0,243008.0,376176.0,-59396.0,170198.0,50930.0,-182879.0,-54447.0,-20.4006,-56639.0
158,LIZI,12/31/2019,-0.0235,140683.0,2139114.0,-1998431.0,-1998431.0,-2000132.0,-1998431.0,82709.0,0.0,-95753.0,1180597.0,45733.0,-29370.0,-134135.0,0.0,-132957.0
159,LOGI,3/31/2020,0.0027,2363474.0,874206.0,1489268.0,1489268.0,961410.0,1489268.0,715566.0,-176656.0,425000.0,2975851.0,169381.0,-130234.0,437903.0,2060.0,324326.0
160,MANH,12/31/2019,0.0013,372279.0,230001.0,142278.0,142278.0,80041.0,142278.0,110678.0,-121487.0,146908.0,617949.0,65103.0,-13754.0,86177.0,-146.682,116077.0
161,MFH,12/31/2019,-0.0288,8871.0,836.552,8035.0,8035.0,1297.0,8035.0,435.211,0.0,-644.621,1738.0,4102.0,588.339,482.97,0.0,482.97
162,MGIC,12/31/2019,0.0,404606.0,139909.0,264697.0,247838.0,78967.0,270457.0,81915.0,-36980.0,45948.0,325630.0,48994.0,-15440.0,21060.0,-213.1719,32472.0
163,MGRC,12/31/2019,0.0039,1309875.0,675839.0,634036.0,634036.0,598505.0,927467.0,2342.0,-44016.0,187994.0,570230.0,24623.0,-143144.0,96743.0,21.0,129125.0
164,MRVL,1/31/2020,0.0023,11133235.0,2454655.0,8678580.0,8678580.0,298941.0,10117604.0,647604.0,-853949.0,360297.0,2699161.0,676094.0,558846.0,786718.0,265891.0,798382.0
165,MTLS,12/31/2019,0.0,349294.0,206620.0,142674.0,139567.0,91998.0,257629.0,128897.0,10781.0,28402.0,196679.0,53779.0,-25617.0,1559.0,35.67,4319.0
166,MTSI,9/30/2019,-0.0059,1105574.0,791678.0,313896.0,313896.0,-182059.0,976053.0,75519.0,-5828.0,20700.0,499708.0,65686.0,-33891.0,-126605.0,-26371.0,-423153.0
167,MXIM,6/30/2020,0.003,3629303.0,1971846.0,1657457.0,1657457.0,1006958.0,2651479.0,1585428.0,-940720.0,800855.0,2191395.0,278777.0,-32049.0,659869.0,-187.705,678096.0
168,MCHP,3/31/2020,0.0022,17426100.0,11840600.0,5585500.0,5585500.0,-6781600.0,15067700.0,401000.0,-1438200.0,1543800.0,5274200.0,256200.0,-133200.0,608633.0,-14067.0,150400.0
169,MDB,1/31/2020,-0.0031,1328567.0,1245709.0,82858.0,82858.0,-7751.0,993933.0,706706.0,589238.0,-29540.0,421720.0,55939.0,-1645.0,-175522.0,0.0,-176178.0
170,MIME,3/31/2020,0.0,729834.0,497779.0,232055.0,232055.0,43136.0,324886.0,173958.0,17733.0,90538.0,426963.0,62024.0,-65539.0,-1413.0,-291.06,159.0
171,MOBL,12/31/2019,0.0,212430.0,176432.0,35998.0,35998.0,30523.0,35998.0,94415.0,-7298.0,-2406.0,205236.0,109973.0,-494.0,-46450.0,-886.14,-46714.0
172,MOMO,12/31/2019,0.0135,22483681.0,8764899.0,13718782.0,13530058.0,8279145.0,18484410.0,2612743.0,-1273780.0,5448886.0,17015089.0,225603.0,-4029919.0,2983011.0,-3590.0,3867919.0
173,MOSY,12/31/2019,-0.0012,9399.0,4563.0,4836.0,4836.0,4836.0,7694.0,6053.0,-4.0,-651.0,10086.0,2165.0,-396.0,-2160.0,0.0,-2580.0
174,MPWR,12/31/2019,0.0024,956375.0,182884.0,773491.0,773491.0,766920.0,773491.0,173076.0,-48050.0,216303.0,627921.0,45763.0,-167112.0,107846.0,39.216,113120.0
175,MSFT,6/30/2020,0.0051,301311000.0,183007000.0,118304000.0,118304000.0,67915000.0,181631000.0,13576000.0,-46031000.0,60675000.0,143015000.0,7753000.0,-12223000.0,42019820.0,446820.0,53036000.0
176,MSTR,12/31/2019,0.0033,916571.0,408012.0,508559.0,508559.0,508559.0,508559.0,457816.0,-66150.0,60867.0,486327.0,10328.0,353687.0,34355.0,0.0,38263.0
177,MTBC,12/31/2019,0.0,56403.0,13565.0,42838.0,42836.0,24225.0,43203.0,19994.0,1422.0,7618.0,64439.0,12088.0,-4158.0,-359.0728,-189.6388,-679.02
178,LASR,12/31/2019,0.0,249966.0,33358.0,216608.0,216608.0,196730.0,216659.0,117252.0,2452.0,-4241.0,176619.0,37119.0,-30404.0,-12884.0,0.0,-6765.0
179,NATI,12/31/2019,0.0012,1651889.0,475539.0,1176350.0,1176350.0,830025.0,1176350.0,194616.0,-270817.0,224405.0,1353215.0,132734.0,-17948.0,139655.0,2500.0,180544.0
180,NCNO,1/31/2020,0.0,250151.0,82878.0,167273.0,167273.0,85340.0,167273.0,91184.0,84091.0,-8998.0,138180.0,89643.0,-58027.0,-27594.0,0.0,-27149.0
181,NFIN,12/31/2019,,255871.0,9359.0,246513.0,246513.0,246513.0,246513.0,,,,,,,,,
182,NH,12/31/2019,0.0,266487.0,323623.0,-57136.0,-57136.0,-224914.0,149280.0,6379.0,-32.0,-8765.0,95961.0,110468.0,-4290.0,-58674.0,-7.1586,-62756.0
183,NTAP,4/30/2020,0.0035,7522000.0,7280000.0,242000.0,242000.0,-1580000.0,1910000.0,2666000.0,-1960000.0,1060000.0,5412000.0,233000.0,1269000.0,804244.0,2244.0,944000.0
184,NTCT,3/31/2020,0.0,3120503.0,1182584.0,1937919.0,1937919.0,-369940.0,2387919.0,340237.0,-286870.0,225023.0,891820.0,75162.0,-4309.0,-801.98,-721.98,1924.0
185,NTNX,7/31/2020,-0.0045,1768547.0,2043524.0,-274977.0,-274977.0,-509629.0,215245.0,318737.0,57797.0,-159885.0,1307682.0,194719.0,24559.0,-872883.0,0.0,-855221.0
186,NVDA,1/31/2020,0.0045,17315000.0,5111000.0,12204000.0,12204000.0,11537000.0,14195000.0,10896000.0,-792000.0,4761000.0,10918000.0,618000.0,6145000.0,2796000.0,0.0,2970000.0
187,NXPI,12/31/2019,0.0,20016000.0,10361000.0,9655000.0,9441000.0,-4128000.0,16806000.0,1045000.0,-1831000.0,2373000.0,8877000.0,285911.0,-2284000.0,267206.0,-1794.0,291000.0
188,OKTA,1/31/2020,-0.0018,1955395.0,1550051.0,405344.0,405344.0,324792.0,1343049.0,531953.0,853385.0,55603.0,586067.0,117221.0,-688041.0,-194443.0,-102.004,-210332.0
189,OMCL,12/31/2019,0.0014,1240810.0,395556.0,845254.0,845254.0,298778.0,895254.0,127210.0,-23479.0,145008.0,897027.0,42943.0,-61664.0,61338.0,0.0,73933.0
190,OPRA,12/31/2019,0.0,1060620.0,148414.0,912206.0,912206.0,379915.0,957178.0,139487.0,113200.0,-44464.0,334855.0,112415.0,-106987.0,15849.0,4058.0,63500.0
191,OSIS,6/30/2020,0.0035,1268541.0,696389.0,572152.0,572152.0,133246.0,899150.0,76102.0,-104730.0,129180.0,1166044.0,18720.0,-42687.0,80918.0,-816.858,86122.0
192,OSS,12/31/2019,0.0,39778.0,11012.0,28766.0,28766.0,20299.0,31054.0,5185.0,2922.0,2375.0,58308.0,15149.0,-2385.0,338.7606,-458.2964,-663.085
193,OTEX,6/30/2020,0.0011,10234822.0,6228113.0,4006709.0,4005390.0,-2279530.0,8199701.0,1697263.0,1268779.0,954536.0,3109736.0,269908.0,-1469417.0,317502.0,-39189.0,345205.0
194,PCTI,12/31/2019,0.0,89237.0,15887.0,73350.0,73350.0,69874.0,73350.0,7094.0,-4136.0,10918.0,90617.0,18159.0,-3949.0,4123.0,-4.147,3790.0
195,PCTY,6/30/2020,0.0012,1985648.0,1592740.0,392908.0,392908.0,321392.0,492908.0,1492133.0,2092.0,112655.0,561329.0,55807.0,-48757.0,64455.0,0.0,67118.0
196,PDFS,12/31/2019,0.0,239544.0,43387.0,196157.0,196157.0,187643.0,196157.0,97605.0,-9835.0,24590.0,85585.0,32411.0,-13212.0,-5351.0,-24.564,-7360.0
197,PEGA,12/31/2019,-0.0011,984812.0,445802.0,539010.0,539010.0,440254.0,539010.0,68363.0,-74258.0,-42165.0,911383.0,79055.0,70074.0,-88869.0,-770.55,-134846.0
198,IPDN,12/31/2019,0.0,6592.0,4040.0,2552.0,2552.0,1664.0,2552.0,633.615,6904.0,-6473.0,5025.0,6548.0,54.797,-2792.0,0.0,-2970.0
199,PBTS,12/31/2019,0.0,30681.0,24770.0,5911.0,5911.0,5911.0,7491.0,5871.0,7884.0,-3334.0,20095.0,9087.0,-3594.0,-10787.0,0.0,-11000.0
200,PHUN,12/31/2019,0.0,29052.0,25026.0,4026.0,4026.0,-22084.0,5131.0,362.0,99.0,-6187.0,19150.0,36879.0,70.0,-12871.0,0.0,-12866.0
201,PLAB,10/31/2019,0.0,1118665.0,207573.0,911092.0,769892.0,762022.0,822652.0,209291.0,-42059.0,68386.0,550660.0,69155.0,-151406.0,29793.0,0.0,50701.0
202,POWI,12/31/2019,0.0032,803896.0,79350.0,724546.0,724546.0,615832.0,724546.0,178690.0,-17900.0,224499.0,420669.0,59632.0,-162046.0,46465.0,21966.0,222414.0
203,PRFT,12/31/2019,0.0012,640492.0,259477.0,381015.0,381015.0,7498.0,505679.0,70728.0,-32051.0,77965.0,565527.0,32243.0,-20399.0,38051.0,-270.522,47941.0
204,PRGS,11/30/2019,0.0,881271.0,550989.0,330282.0,330282.0,-201934.0,625001.0,154259.0,130292.0,128484.0,413298.0,45340.0,-208380.0,58861.0,-2443.0,28495.0
205,PS,12/31/2019,-0.0012,1031953.0,785793.0,246160.0,182985.0,-111136.0,653213.0,119431.0,536760.0,-11729.0,316910.0,94515.0,-616721.0,-111964.0,-256.5,-162756.0
206,PT,12/31/2019,-0.0018,1560599.0,1201879.0,358720.0,189528.0,104581.0,1012291.0,580904.0,224372.0,175079.0,1285236.0,37942.0,-538702.0,-755895.0,-50000.0,-904522.0
207,PXLW,12/31/2019,0.0,64657.0,17128.0,47529.0,47529.0,26418.0,47529.0,7257.0,-256.0,-10380.0,68755.0,37851.0,-51.0,-12409.0,175.35,-8624.0
208,PFPT,12/31/2019,-0.0023,2337511.0,1745014.0,592497.0,592497.0,-281043.0,1342117.0,857907.0,778738.0,242508.0,888190.0,55902.0,-349465.0,-130265.0,0.0,-110348.0
209,QCOM,9/30/2019,0.0036,32957000.0,28048000.0,4909000.0,4909000.0,-3545000.0,20842000.0,11839000.0,-6386000.0,7286000.0,24273000.0,1220000.0,-806000.0,4226860.0,58860.0,7481000.0
210,QLYS,12/31/2019,0.0017,675608.0,288805.0,386803.0,386803.0,362561.0,386803.0,88759.0,-79045.0,160607.0,321607.0,41345.0,-35029.0,69643.0,-46.728,79983.0
211,QTT,12/31/2019,-0.0099,2940197.0,3645541.0,-705344.0,-701482.0,-797694.0,517424.0,375689.0,1768001.0,-2367295.0,5570081.0,275000.0,-1224152.0,-2694827.0,2049.0,-2684425.0
212,QUIK,12/31/2019,-0.002,33404.0,19581.0,13823.0,13823.0,12297.0,28823.0,21548.0,7600.0,-11594.0,10310.0,7663.0,-921.0,-15444.0,0.0,-15524.0
213,RDCM,12/31/2019,0.0,96402.0,22532.0,73870.0,73870.0,73870.0,73870.0,6201.0,16.0,6840.0,33010.0,13780.0,-62616.0,-6380.0,-135.01,-6663.0
214,RMBS,12/31/2019,0.0,1338986.0,368068.0,970918.0,970918.0,732553.0,1119706.0,102518.0,-298.0,128535.0,224027.0,110948.0,-141474.0,-78549.0,-4390.0,-87016.0
215,RNWK,12/31/2019,0.0,159754.0,121481.0,38273.0,38775.0,-42939.0,50006.0,22179.0,-623.0,-25370.0,172113.0,37994.0,11081.0,-18177.0,-674.46,-20190.0
216,RPD,12/31/2019,-0.0011,664913.0,581745.0,83168.0,83168.0,-43259.0,268368.0,123413.0,8788.0,-1420.0,326947.0,48732.0,16811.0,-53529.0,-116.91,-53803.0
217,RXT,12/31/2019,-0.0056,6272400.0,5373600.0,898800.0,898800.0,-3664400.0,4772100.0,87100.0,-79200.0,292900.0,2438100.0,16392.0,-386500.0,-112248.0,1952.0,-122300.0
218,RBCN,12/31/2019,0.0,34801.0,1556.0,33245.0,33245.0,33245.0,33245.0,8880.0,-730.0,-1230.0,3526.0,2708.0,-570.0,-1324.0,65.34,-1125.0
219,RCII,12/31/2019,0.0031,1582798.0,1123835.0,458963.0,458963.0,379984.0,689876.0,70494.0,-321627.0,215416.0,2669852.0,55955.0,20758.0,173546.0,0.0,223783.0
220,RELL,5/31/2020,0.0,150720.0,32060.0,118660.0,118660.0,116155.0,118660.0,30535.0,-3208.0,1923.0,155898.0,13029.0,-9776.0,-1847.0,3.24,-1214.0
221,RESN,12/31/2019,-0.001,18147.0,8391.0,9756.0,9756.0,7108.0,9756.0,10838.0,11306.0,-20706.0,735.0,29410.0,15633.0,-29928.0,0.0,-29927.0
222,RP,12/31/2019,0.0,2969817.0,1796891.0,1172926.0,1172926.0,-811819.0,2302177.0,440477.0,460011.0,316973.0,988136.0,96282.0,-719094.0,55709.0,101.4,60558.0
223,SABR,12/31/2019,0.0,5689957.0,4742288.0,947669.0,939081.0,-2267823.0,4282516.0,436176.0,-409721.0,578877.0,3974988.0,276217.0,-243026.0,160358.0,0.0,199638.0
224,SANM,9/30/2019,0.002,3905513.0,2262940.0,1642573.0,1642573.0,1642573.0,2027898.0,454741.0,-220218.0,382965.0,8233859.0,71678.0,-127641.0,151350.0,-3637.0,245619.0
225,SFET,12/31/2019,-0.0412,17837.0,15060.0,2777.0,2777.0,-8707.0,9932.0,4341.0,13112.0,-6733.0,3284.0,1671.0,-5596.0,-12245.0,-224.94,-12975.0
226,SPNS,12/31/2019,0.0,452421.0,226923.0,225498.0,223819.0,-4872.0,292567.0,66295.0,-20654.0,66157.0,325674.0,50653.0,-41868.0,26338.0,-29.4,35101.0
227,LEDS,8/31/2019,-0.001,11662.0,9874.0,1788.0,1741.0,1648.0,8093.0,1471.0,4054.0,-3546.0,5902.0,3580.0,-2628.0,-3893.0,0.0,-3565.0
228,PIXY,8/31/2019,-0.0228,23796.0,36566.0,-12770.0,-12770.0,-12770.0,-9419.0,1561.0,3489.0,-2086.0,53436.0,817.72,-1492.0,-18180.0,0.0,-18727.0
229,SCPL,12/31/2019,0.0014,384600.0,107100.0,277500.0,54100.0,-83600.0,54100.0,110600.0,15900.0,93000.0,465800.0,22700.0,-8800.0,34871.0,-229.5,102200.0
230,SCWX,1/31/2020,0.0,1048031.0,381151.0,666880.0,666880.0,70341.0,666880.0,181838.0,-14003.0,78839.0,552765.0,80563.0,-12590.0,-31666.0,0.0,-51324.0
231,SEAC,1/31/2020,0.0,72890.0,22958.0,49932.0,49932.0,37857.0,49932.0,9297.0,472.0,-14794.0,67154.0,36699.0,3762.0,-838.44,-2989.0,-8873.0
232,SGMA,4/30/2020,0.0,176079.0,117203.0,58876.0,58876.0,56525.0,100291.0,6779.0,-4266.0,15454.0,281042.0,4270.0,-5415.0,443.102,0.0,1093.0
233,SGOC,12/31/2019,0.0,140578.0,19952.0,120626.0,120430.0,114147.0,131288.0,5161.0,6964.0,3115.0,5525.0,35081.0,-19265.0,15696.0,-4382.0,-41692.0
234,SLAB,12/31/2019,0.0,1674853.0,559802.0,1115051.0,1115051.0,582370.0,1483308.0,227146.0,-29647.0,166522.0,837554.0,44290.0,-106772.0,19265.0,0.0,49649.0
235,SSTI,12/31/2019,0.0,60571.0,33320.0,27251.0,27251.0,25623.0,27251.0,24550.0,5482.0,13692.0,40752.0,11846.0,-4909.0,1798.0,0.0,1757.0
236,STX,6/30/2020,0.0038,8930000.0,7143000.0,1787000.0,1787000.0,492000.0,5962000.0,1724000.0,-1605000.0,1714000.0,10509000.0,265000.0,-635000.0,1083775.0,-2225.0,1032000.0
237,SEDG,12/31/2019,0.0029,1494624.0,682954.0,811670.0,811670.0,608008.0,827516.0,223901.0,-73021.0,259000.0,1425660.0,50196.0,-152853.0,154947.0,-1944.0,178603.0
238,SGH,8/31/2019,0.0022,704137.0,430677.0,273460.0,273460.0,122712.0,479964.0,98139.0,100.0,169657.0,1211999.0,23468.0,-109440.0,51679.0,-100.8,66204.0
239,SIMO,12/31/2019,0.0018,697729.0,160945.0,536784.0,536784.0,519295.0,536784.0,348253.0,-70260.0,77695.0,457253.0,35296.0,34668.0,66982.0,-308.0028,72074.0
240,SITM,12/31/2019,0.0,123391.0,61251.0,62140.0,62140.0,57651.0,103140.0,63418.0,51353.0,7378.0,84074.0,14968.0,-3202.0,-6607.0,0.0,-6615.0
241,SMSI,12/31/2019,0.0,61197.0,12513.0,48684.0,48684.0,36352.0,48684.0,28268.0,11384.0,9988.0,43346.0,36991.0,-5263.0,10435.0,2.023,10802.0
242,SMTX,12/31/2019,0.0,213379.0,172282.0,41097.0,41097.0,10185.0,110798.0,1368.0,-2059.0,5702.0,372511.0,25745.0,-3876.0,-2618.0,-1249.0,-5207.0
243,SPLK,1/31/2020,-0.0022,5439471.0,3440042.0,1999429.0,1999429.0,468174.0,3714059.0,778653.0,-100234.0,-287636.0,2358926.0,151949.0,-707981.0,-336668.0,0.0,-331651.0
244,SPSC,12/31/2019,0.0,447440.0,92564.0,354876.0,354876.0,255363.0,354876.0,179252.0,-12142.0,71794.0,279124.0,36002.0,-14313.0,33355.0,88.4077,42070.0
245,SPT,12/31/2019,-0.0025,189591.0,61461.0,128130.0,128130.0,120349.0,128130.0,135310.0,124294.0,-14414.0,102707.0,18439.0,-760.0,-46807.0,0.0,-46741.0
246,SY,12/31/2019,0.0015,3229954.0,587316.0,2642638.0,2642638.0,2642638.0,2642638.0,901185.0,1268396.0,383822.0,1151637.0,82302.0,-1335013.0,175582.0,321.2748,226459.0
247,SMCI,6/30/2020,0.0014,1918646.0,852939.0,1065707.0,1065540.0,1065540.0,1094941.0,212390.0,23796.0,-30334.0,3339281.0,51716.0,-43588.0,84308.0,0.0,84828.0
248,SPRT,12/31/2019,0.0,38040.0,4873.0,33167.0,33167.0,32917.0,33167.0,10087.0,-19006.0,-4052.0,63333.0,19026.0,8014.0,3846.0,0.0,4000.0
249,SPWR,12/31/2019,0.0,2171921.0,2150422.0,21499.0,10163.0,2697.0,1049105.0,458657.0,344314.0,-270413.0,1864225.0,147525.0,21366.0,-53716.0,28063.0,25968.0
250,SSNC,12/31/2019,0.0017,16741100.0,11625000.0,5116100.0,5116100.0,-7339300.0,12270200.0,1789400.0,-513400.0,1328300.0,4632900.0,264200.0,-140500.0,444358.0,-1242.0,531700.0
251,SSYS,12/31/2019,0.0,1381519.0,224368.0,1157151.0,1157151.0,684165.0,1157151.0,293597.0,-22009.0,-11193.0,636080.0,54260.0,-69526.0,-10849.0,0.0,-7144.0
252,STNE,12/31/2019,0.0029,19605749.0,13632744.0,5973005.0,5972379.0,5598680.0,9007673.0,968342.0,3757949.0,-2651781.0,2389601.0,277360.0,-437564.0,803831.0,-210.6,1090655.0
253,SUMO,1/31/2020,-0.0012,237761.0,458335.0,-220574.0,-220574.0,-288661.0,-220574.0,101813.0,108135.0,-48569.0,155056.0,76234.0,-23385.0,-87254.0,-1806.0,-91236.0
254,SVMK,12/31/2019,0.0,804259.0,502275.0,301984.0,301984.0,-227249.0,517500.0,131683.0,50822.0,54652.0,307421.0,131568.0,-128086.0,-74500.0,26.72,-76638.0
255,SYKE,12/31/2019,0.0015,1415500.0,541025.0,874475.0,874475.0,404808.0,947475.0,129185.0,-63593.0,101283.0,1614762.0,41802.0,-40587.0,65027.0,-322.072,85923.0
256,WISA,12/31/2019,-0.0128,4222.0,3111.0,1111.0,594.0,566.0,594.0,298.0,8149.0,-11032.0,1666.0,948.488,-34.0,-12062.0,8.91,-12030.0
257,SNCR,12/31/2019,-0.0034,532023.0,255081.0,276942.0,76077.0,-224505.0,76077.0,39001.0,-121257.0,32583.0,308749.0,40694.0,19377.0,-108693.0,1516.0,-101293.0
258,SNPS,10/31/2019,0.0035,6405160.0,2316284.0,4088876.0,4083013.0,632460.0,4220720.0,730527.0,-561892.0,800513.0,3360694.0,154190.0,-235877.0,574919.0,-1046.0,545506.0
259,SYNA,6/30/2020,0.0,1693800.0,874700.0,819100.0,819100.0,364900.0,1405700.0,763400.0,93900.0,221800.0,1333900.0,34600.0,119900.0,64160.0,17460.0,159400.0
260,SYNC,12/31/2019,0.0,79878.0,36214.0,43664.0,43664.0,19305.0,46922.0,10966.0,-3459.0,2459.0,121845.0,39090.0,-3772.0,-9021.0,0.0,-8092.0
261,TAIT,12/31/2019,0.0,13599.0,784.0,12815.0,12715.0,12715.0,12715.0,5313.0,-591.0,1413.0,6783.0,5840.0,-3.0,966.0,0.0,806.0
262,TENB,12/31/2019,-0.001,558612.0,459707.0,98905.0,98905.0,29259.0,98905.0,74665.0,34161.0,-10744.0,354586.0,96014.0,-113050.0,-99013.0,0.0,-85649.0
263,TESS,3/31/2020,-0.0025,208709.0,125006.0,83703.0,83703.0,72545.0,109267.0,50.0,5957.0,908.2,540298.0,8527.0,-6846.0,-12603.0,-3200.0,-29274.0
264,TLND,12/31/2019,-0.002,403917.0,367965.0,35952.0,35952.0,-27810.0,166669.0,177075.0,157838.0,-14517.0,247861.0,30563.0,-2191.0,-61469.0,0.0,-61320.0
265,TTD,12/31/2019,0.0023,1728761.0,1116244.0,612517.0,612517.0,603435.0,612517.0,130876.0,27280.0,60205.0,661058.0,47806.0,-163841.0,108966.0,-47.26,116220.0
266,TTWO,3/31/2020,0.0035,4948832.0,2409588.0,2539244.0,2539244.0,1699712.0,2539244.0,1993392.0,-77453.0,685678.0,3088970.0,114136.0,4049.0,412401.0,-1063.0,458439.0
267,TACT,12/31/2019,0.0,36061.0,10135.0,25926.0,25926.0,22488.0,25926.0,4203.0,-2897.0,4846.0,45748.0,7677.0,-2366.0,516.0,0.0,367.0
268,TRUE,12/31/2019,0.0,421687.0,94416.0,327271.0,327271.0,236700.0,327271.0,181534.0,-480.0,20344.0,353880.0,105805.0,-34458.0,-54890.0,0.0,-54601.0
269,TRVG,12/31/2019,0.0,1108011.0,213224.0,894787.0,894787.0,234273.0,894787.0,220543.0,-99.0,74221.0,838617.0,356738.0,-17981.0,17161.0,0.0,37690.0
270,TSEM,12/31/2019,0.0,1932833.0,586110.0,1346723.0,1354547.0,1334091.0,1666300.0,355561.0,-17560.0,291320.0,1234003.0,107438.0,-305094.0,90985.0,-31.3517,91021.0
271,TTEC,12/31/2019,0.0017,1376788.0,945058.0,431730.0,418544.0,1254.0,708544.0,105591.0,-47374.0,237989.0,1643704.0,46758.0,-162851.0,81369.0,-1277.0,110411.0
272,TTMI,12/31/2019,0.0,3560933.0,2281896.0,1279037.0,1279037.0,172238.0,2754974.0,400154.0,-31813.0,311937.0,2689308.0,106332.0,-135972.0,47544.0,-738.0959,46184.0
273,UCTT,12/31/2019,0.0,1019300.0,566800.0,452500.0,436700.0,85300.0,728900.0,162500.0,-53400.0,121000.0,1066200.0,39467.0,-49200.0,-9400.0,0.0,2300.0
274,UPLD,12/31/2019,-0.002,896828.0,683967.0,212861.0,212861.0,-416000.0,737935.0,175024.0,363768.0,12076.0,222637.0,23906.0,-217761.0,-8854.0,-5457.0,-52176.0
275,UPWK,12/31/2019,0.0,446380.0,186956.0,259424.0,259424.0,137870.0,277707.0,159603.0,29402.0,1058.0,300562.0,109815.0,-100924.0,-16659.0,0.0,-16631.0
276,VRNS,12/31/2019,-0.0026,318312.0,224780.0,93532.0,93532.0,93532.0,93532.0,68929.0,-2398.0,-10683.0,254190.0,30257.0,33303.0,-77140.0,-600.75,-76376.0
277,VECO,12/31/2019,-0.0017,818088.0,443576.0,374512.0,374512.0,131051.0,674580.0,129951.0,126.0,-7416.0,419349.0,47482.0,-75867.0,-71124.0,-2814.0,-77956.0
278,VERI,12/31/2019,-0.0029,108526.0,61115.0,47411.0,47411.0,24381.0,47411.0,45235.0,24615.0,-30117.0,49648.0,21798.0,11961.0,-62094.0,0.3648,-63530.0
279,VERX,12/31/2019,0.0,264623.0,394399.0,-129776.0,-129776.0,-161851.0,-78290.0,83495.0,-30629.0,92498.0,321500.0,126929.0,-37560.0,23077.0,0.0,30902.0
280,VRNT,1/31/2020,0.0,3016058.0,1773621.0,1242437.0,1229368.0,-464637.0,2066416.0,411657.0,-111322.0,237904.0,1303634.0,67355.0,-125801.0,28321.0,179.733,53303.0
281,VRSK,12/31/2019,0.0027,7055200.0,4794400.0,2260800.0,2260800.0,-3002400.0,5404100.0,184600.0,10900.0,956300.0,2607100.0,166560.0,-927900.0,451245.0,-355.3,568400.0
282,VRSN,12/31/2019,0.0052,1854009.0,3344109.0,-1490100.0,-1490100.0,-1542627.0,297465.0,517601.0,-770303.0,753892.0,1231661.0,118968.0,167195.0,611637.0,155.23,758776.0
283,VRTU,3/31/2020,0.0014,1337067.0,832300.0,504767.0,397441.0,-29955.0,893638.0,291601.0,75383.0,79894.0,1312283.0,30655.0,-47019.0,63805.0,-95.994,48661.0
284,VSAT,3/31/2020,0.0,4883868.0,2833726.0,2050142.0,2027787.0,1610275.0,3879238.0,304309.0,365185.0,436936.0,2309238.0,61632.0,-758801.0,-212.0,0.0,1428.0
285,WB,12/31/2019,0.0022,4804186.0,2522367.0,2281819.0,2283267.0,2236754.0,3965518.0,1452985.0,791869.0,631653.0,1766914.0,226412.0,-1201358.0,528942.0,-7618.0,602397.0
286,WIMI,12/31/2019,0.0015,563499.0,140783.0,422715.0,422709.0,43090.0,509735.0,129049.0,-40974.0,143956.0,319181.0,59056.0,-126480.0,102204.0,0.0,105334.0
287,WIX,12/31/2019,-0.0017,1099667.0,891918.0,207749.0,207749.0,170108.0,567683.0,268103.0,31495.0,149564.0,761088.0,50505.0,-244013.0,-84919.0,-446.66,-83816.0
288,XLNX,3/31/2020,0.0031,4693334.0,2378285.0,2315049.0,2315049.0,1374070.0,3561419.0,1777703.0,-1637827.0,1190836.0,3162666.0,254943.0,680204.0,819665.0,-1418.0,833984.0
289,XNET,12/31/2019,0.0,424687.0,129144.0,295543.0,296878.0,267070.0,308202.0,165448.0,12177.0,-45649.0,180665.0,67569.0,79260.0,-57355.0,1395.0,-48739.0
290,YI,12/31/2019,-0.0061,1610293.0,836370.0,773923.0,776656.0,768634.0,871737.0,697722.0,108987.0,-512382.0,3952053.0,81836.0,237675.0,-489278.0,0.0,-501827.0
291,YNDX,12/31/2019,0.0382,291126000.0,75937000.0,215189000.0,194928000.0,132358000.0,194928000.0,56453000.0,-2394000.0,44379000.0,175391000.0,335428.0,-49136000.0,14470800.0,-411200.0,22855000.0
292,ZBRA,12/31/2019,0.01,4711000.0,2872000.0,1839000.0,1839000.0,-1058000.0,3116000.0,30000.0,-365000.0,685000.0,4485000.0,54594.0,-335000.0,578580.0,-3420.0,598000.0
293,ZI,12/31/2019,0.0,1561900.0,1775700.0,-213800.0,-213800.0,-1551200.0,989500.0,42500.0,725800.0,44400.0,293300.0,143485.0,-736700.0,-15003.0,-2603.0,-84500.0
294,ZM,1/31/2020,0.0,1289845.0,455902.0,833943.0,833943.0,833943.0,833943.0,334082.0,615690.0,151892.0,622658.0,254298.0,-499468.0,25305.0,0.0,26362.0
295,ZNGA,12/31/2019,0.0,3660614.0,1685184.0,1975430.0,1975430.0,281492.0,2545886.0,453329.0,451631.0,262828.0,1321659.0,974020.0,-851865.0,41925.0,0.0,47335.0
296,ZS,7/31/2020,0.0,1833458.0,1348629.0,484829.0,484829.0,430746.0,1346444.0,141851.0,1022212.0,79317.0,431269.0,129323.0,-1038162.0,-115116.0,0.0,-112728.0
297,ACAD,12/31/2019,-0.0016,783183.0,84048.0,699135.0,699135.0,696550.0,699135.0,194467.0,371847.0,-151130.0,339076.0,147199.0,-165836.0,-235259.0,0.0,-234383.0
298,ACIU,12/31/2019,0.0,299250.0,26808.0,272442.0,272442.0,272442.0,273094.0,193587.0,49616.0,55220.0,111026.0,71103.0,-66885.0,47455.0,0.0,45442.0
299,ACOR,12/31/2019,-0.0058,799718.0,488898.0,310820.0,310820.0,-91509.0,532903.0,105191.0,-60550.0,-128167.0,192408.0,47512.0,-505.0,-138091.0,-677.765,-274248.0
300,ACRS,12/31/2019,-0.0039,98297.0,28385.0,69912.0,69912.0,62713.0,69912.0,35937.0,-30316.0,-96445.0,4227.0,41324.0,105679.0,-95057.0,-18.504,-113542.0
301,ACRX,12/31/2019,0.0,91356.0,132774.0,-41418.0,-41418.0,-41418.0,-16271.0,14684.0,14452.0,-51180.0,2289.0,79184.0,-36563.0,-53240.0,0.0,-53237.0
302,ARAY,6/30/2020,0.0,490927.0,427292.0,63635.0,63635.0,5255.0,252942.0,109911.0,26696.0,-1469.0,382928.0,87465.0,-3728.0,5403.0,-767.1369,5690.0
303,ETNB,12/31/2019,-0.0245,95553.0,5609.0,89944.0,89944.0,89944.0,89944.0,93360.0,107702.0,-25460.0,0.0,2344.0,-139.0,-57420.0,0.0,-57202.0
304,NMTR,12/31/2019,0.0,5297.0,14911.0,-9614.0,-9614.0,-9614.0,-6429.0,4593.0,16844.0,-17968.0,0.0,33329.0,-11.934,-25923.0,0.0,-27049.0
305,ONEM,12/31/2019,0.0,427148.0,611179.0,-184031.0,-187066.0,-208390.0,-183784.0,29329.0,-1376.0,-31674.0,276258.0,122411.0,23723.0,-49985.0,-950.13,-53608.0
306,XLRN,12/31/2019,-0.0024,504906.0,55430.0,449476.0,449476.0,449476.0,449476.0,239274.0,258720.0,-93804.0,73993.0,52453.0,-71291.0,-124858.0,0.0,-124920.0
307,ADAP,12/31/2019,-0.0013,181543.0,57905.0,123638.0,123638.0,121440.0,123638.0,54908.0,366.0,-112507.0,1122.0,104968.0,94945.0,-137165.0,0.0,-136923.0
308,ADIL,12/31/2019,0.0,7680.0,539.051,7141.0,7141.0,7134.0,7141.0,6777.0,9247.0,-6339.0,0.0,9852.0,0.0,-8150.0,0.0,-8591.0
309,ADMS,12/31/2019,-0.0038,162158.0,163051.0,-893.0,-893.0,-893.0,126822.0,65774.0,1085.0,-80779.0,54637.0,27677.0,88863.0,-105186.0,0.0,-105186.0
310,ADPT,12/31/2019,-0.001,912302.0,341263.0,571039.0,571039.0,440139.0,571039.0,98714.0,319916.0,205404.0,85071.0,69165.0,-481697.0,-68606.0,0.0,-68606.0
311,ADRO,12/31/2019,-0.001,291313.0,225718.0,65595.0,65595.0,38450.0,65595.0,60092.0,743.0,-65508.0,17258.0,80111.0,-1763.0,-77511.0,-145.174,-84784.0
312,ADTX,12/31/2019,-0.0011,123.532,2976.0,-2852.0,-2852.0,-2852.0,-2687.0,4.09,352.733,-464.352,0.0,5172.0,,-5873.0,0.0,-5828.0
313,ADUS,12/31/2019,0.0018,636748.0,161156.0,475592.0,475592.0,143145.0,535484.0,111714.0,217986.0,12019.0,648791.0,14248.0,-188697.0,25811.0,0.0,33170.0
314,AFIB,12/31/2019,-0.0058,105455.0,331266.0,-225811.0,-225811.0,-241947.0,-187567.0,9602.0,126339.0,-55986.0,2836.0,16852.0,-70430.0,-92387.0,0.0,-97039.0
315,AHCO,12/31/2019,0.0,546122.0,575370.0,-29248.0,-14519.0,-281310.0,382314.0,76878.0,76145.0,60418.0,529644.0,72380.0,-84870.0,-13447.0,-572.7918,-11729.0
316,ADVM,12/31/2019,-0.001,222727.0,47770.0,174957.0,174957.0,174957.0,174957.0,66896.0,28191.0,-49170.0,250.0,64102.0,-68073.0,-64486.0,0.0,-64486.0
317,AERI,12/31/2019,-0.0044,452608.0,285658.0,166950.0,166950.0,166950.0,355601.0,143940.0,274799.0,-150430.0,69888.0,45427.0,-183247.0,-199581.0,0.0,-199671.0
318,AFMD,12/31/2019,0.0,112359.0,73692.0,38667.0,38667.0,38530.0,41050.0,95234.0,26038.0,-29056.0,21391.0,64242.0,4340.0,-32420.0,20.52,-32361.0
319,AGEN,12/31/2019,0.0,155335.0,386672.0,-231337.0,-225356.0,-259048.0,-211330.0,61808.0,31323.0,-18682.0,150048.0,134982.0,-4657.0,-101852.0,0.0,-111560.0
320,AGIO,12/31/2019,-0.0069,890741.0,250213.0,640528.0,640528.0,640528.0,640528.0,80931.0,289611.0,-370622.0,117912.0,59995.0,91440.0,-411472.0,0.0,-411472.0
321,AGLE,12/31/2019,-0.0025,83183.0,23102.0,60081.0,60081.0,60081.0,60081.0,20753.0,65723.0,-65692.0,0.0,31950.0,-1739.0,-78254.0,0.0,-78254.0
322,AGRX,12/31/2019,0.0,49540.0,3795.0,45745.0,45745.0,45745.0,45917.0,34479.0,42415.0,-15689.0,0.0,49432.0,-98.0,-18606.0,0.0,-18606.0
323,AIH,12/31/2019,0.0089,1047135.0,456537.0,590598.0,547481.0,372064.0,687868.0,154490.0,79561.0,86761.0,869050.0,23613.0,-114172.0,137311.0,-101.568,152364.0
324,AIMT,12/31/2019,-0.004,204369.0,100345.0,104024.0,104024.0,104024.0,145052.0,79880.0,55878.0,-195408.0,0.0,62558.0,111899.0,-248497.0,0.0,-247781.0
325,ALRN,12/31/2019,-0.0012,26473.0,10425.0,16048.0,16048.0,16048.0,16048.0,5904.0,23964.0,-26474.0,0.0,24535.0,-2814.0,-29369.0,0.0,-29369.0
326,AKBA,12/31/2019,-0.0024,771201.0,376444.0,394757.0,394757.0,48492.0,470562.0,149804.0,88970.0,-257441.0,335001.0,118396.0,211176.0,-279659.0,0.0,-286290.0
327,AKCA,12/31/2019,0.0,599250.0,56246.0,543004.0,543004.0,459953.0,543004.0,309250.0,-11933.0,223825.0,488543.0,95382.0,8428.0,35548.0,280.755,42964.0
328,AKER,12/31/2019,-0.0064,10885.0,1530.0,9355.0,9355.0,9185.0,9355.0,632.538,6966.0,-3074.0,1577.0,612.672,-3941.0,-3703.0,0.0,-3888.0
329,AKRO,12/31/2019,-0.0029,138118.0,9392.0,128726.0,128726.0,128726.0,128726.0,64848.0,95988.0,-35627.0,0.0,15071.0,-71513.0,-43755.0,0.0,-43755.0
330,AKUS,12/31/2019,-0.0037,45162.0,77963.0,-32801.0,-32801.0,-32801.0,-32801.0,26395.0,25005.0,-19510.0,0.0,6435.0,-3440.0,-25741.0,0.0,-25741.0
331,ALDX,12/31/2019,-0.0022,75518.0,27436.0,48082.0,48082.0,48082.0,62611.0,44426.0,23576.0,-44984.0,0.0,27112.0,18477.0,-54398.0,-138.5796,-62137.0
332,ALEC,12/31/2019,-0.0017,421913.0,227170.0,194743.0,194743.0,194743.0,194743.0,91113.0,172353.0,-99308.0,21219.0,61734.0,-48874.0,-105385.0,0.0,-105385.0
333,ALGN,12/31/2019,0.0055,2500702.0,1154533.0,1346169.0,1346169.0,1270477.0,1346169.0,551134.0,-485540.0,747270.0,2406796.0,80100.0,-350444.0,420368.0,5602.0,562651.0
334,ALIM,12/31/2019,-0.0022,50309.0,54754.0,-4445.0,-34789.0,-49572.0,3869.0,9459.0,869.0,-4152.0,53943.0,4770.0,-174.0,-10382.0,-22.68,-10227.0
335,ALXN,12/31/2019,0.0107,17544600.0,6272800.0,11271800.0,11271800.0,2890100.0,13773500.0,2723600.0,-739100.0,2084900.0,4991100.0,224800.0,9700.0,2345316.0,21816.0,2178800.0
336,AHPI,6/30/2020,0.0,19672.0,10794.0,8879.0,8879.0,8879.0,11254.0,2600.0,2375.0,647.581,31894.0,4014.0,-617.811,-3014.0,0.0,-3144.0
337,ALKS,12/31/2019,-0.0013,1805403.0,719961.0,1085442.0,1085442.0,841926.0,1362580.0,203771.0,6765.0,72077.0,1170947.0,157051.0,-141833.0,-160491.0,-72.402,-197056.0
338,ALLK,12/31/2019,-0.0019,516894.0,21173.0,495721.0,495721.0,495721.0,495721.0,40642.0,381163.0,-63012.0,0.0,45191.0,-311971.0,-85372.0,0.0,-85372.0
339,ALLO,12/31/2019,-0.0018,717802.0,88779.0,629023.0,629023.0,628872.0,629023.0,179425.0,58960.0,-137350.0,0.0,101061.0,164084.0,-184594.0,0.0,-184925.0
340,ALNA,12/31/2019,-0.0021,34108.0,16910.0,17198.0,17198.0,17198.0,27178.0,30007.0,12118.0,-43632.0,0.0,22181.0,-122.0,-46734.0,0.0,-47339.0
341,ALNY,12/31/2019,-0.0081,2395134.0,956442.0,1438692.0,1438692.0,1438692.0,1438692.0,549628.0,823184.0,-278427.0,219750.0,109264.0,-417677.0,-886116.0,0.0,-885253.0
342,ALPN,12/31/2019,-0.0023,54093.0,24619.0,29474.0,29474.0,29474.0,34401.0,16509.0,24255.0,-35346.0,1740.0,18359.0,16763.0,-41852.0,0.0,-41852.0
343,ALVR,12/31/2019,0.0,139422.0,17798.0,121624.0,-51503.0,-51503.0,-51503.0,61084.0,120923.0,-20155.0,165.0,37098.0,-64644.0,-23839.0,0.0,-23839.0
344,ALXO,12/31/2019,-0.0013,10676.0,10952.0,-276.0,-70639.0,-70639.0,-65218.0,9017.0,15357.0,-14249.0,4796.0,14330.0,-353.0,-19243.0,0.0,-19209.0
345,ATEC,12/31/2019,-0.0011,169948.0,126317.0,43631.0,43631.0,4129.0,97568.0,47113.0,64183.0,-33121.0,113427.0,52234.0,-13032.0,-48329.0,-36.0083,-57141.0
346,AGTC,6/30/2020,0.0,100319.0,29303.0,71016.0,71016.0,69918.0,80693.0,38463.0,44981.0,-41620.0,2453.0,18157.0,8399.0,-47077.0,0.0,-45762.0
347,AMGN,12/31/2019,0.0129,59707000.0,50034000.0,9673000.0,9673000.0,-24443000.0,39576000.0,6037000.0,-15767000.0,9150000.0,23362000.0,609000.0,5709000.0,7842000.0,0.0,9138000.0
348,AMPH,12/31/2019,0.0,586971.0,159443.0,427528.0,381366.0,340213.0,428501.0,75550.0,-3783.0,41762.0,322357.0,49907.0,-50527.0,48939.0,0.0,60228.0
349,ANAB,12/31/2019,-0.0036,435197.0,30189.0,405008.0,405008.0,405008.0,406383.0,171077.0,-4493.0,-69517.0,8000.0,27059.0,131431.0,-97336.0,0.0,-97488.0
350,ANCN,12/31/2019,-0.004,19755.0,4846.0,14909.0,14909.0,14909.0,14909.0,17705.0,26621.0,-16458.0,0.0,6889.0,-95.0,-19164.0,0.0,-27124.0
351,ANGO,5/31/2020,-0.0044,594214.0,139342.0,454872.0,454872.0,57221.0,494872.0,54435.0,-95242.0,-14554.0,264157.0,37961.0,-63345.0,-15257.0,-1531.0,-168135.0
352,ANNX,12/31/2019,-0.0028,49898.0,6368.0,43530.0,-100454.0,-100454.0,-100454.0,43931.0,28395.0,-28358.0,0.0,11452.0,-267.0,-37183.0,0.0,-37179.0
353,ANPC,12/31/2019,-0.0102,52982.0,68906.0,-15924.0,-15973.0,-23396.0,22595.0,6125.0,46108.0,-48600.0,10845.0,9868.0,-3461.0,-97848.0,-6.8907,-101839.0
354,APLS,12/31/2019,-0.0049,389245.0,355015.0,34230.0,34230.0,34230.0,176797.0,351985.0,388541.0,-211135.0,0.0,62229.0,-1693.0,-288366.0,0.0,-304707.0
355,FOLD,12/31/2019,-0.0015,850207.0,373782.0,476425.0,476425.0,255628.0,625930.0,146343.0,217502.0,-250416.0,182237.0,240421.0,95153.0,-353981.0,-890.19,-355910.0
356,AMTI,12/31/2019,-0.0016,38533.0,110235.0,-71702.0,-71702.0,-71702.0,-71702.0,12835.0,41648.0,-26967.0,0.0,17611.0,-22134.0,-28043.0,0.0,-28043.0
357,APLT,12/31/2019,-0.0035,48389.0,15782.0,32607.0,32607.0,32607.0,32607.0,18850.0,56415.0,-36307.0,0.0,12831.0,-20006.0,-45513.0,0.0,-45513.0
358,APM,12/31/2019,0.0,23954.0,9102.0,14852.0,16361.0,15050.0,22692.0,5293.0,-7323.0,-13383.0,535.166,27910.0,-108.061,-20172.0,0.0,-20117.0
359,APRE,12/31/2019,-0.0047,133608.0,9364.0,124244.0,124244.0,124244.0,124244.0,130089.0,92576.0,-26709.0,0.0,6002.0,-30.901,-29388.0,0.0,-28060.0
360,APTX,12/31/2019,-0.0017,106479.0,5168.0,101311.0,101311.0,101311.0,101311.0,99194.0,192.0,-52087.0,3669.0,33556.0,-39.0,-57410.0,0.0,-57410.0
361,AQST,12/31/2019,-0.0026,78479.0,84601.0,-6122.0,-6122.0,-6275.0,54216.0,49326.0,49600.0,-60210.0,52609.0,25356.0,-663.0,-61350.0,0.0,-66246.0
362,ARAV,12/31/2019,-0.0016,82121.0,13072.0,69049.0,69049.0,68830.0,69049.0,67557.0,25250.0,-17081.0,4753.0,11589.0,0.0,-18218.0,0.0,-18218.0
363,ARCT,12/31/2019,-0.0022,82143.0,56351.0,25792.0,25792.0,25792.0,40787.0,71460.0,41907.0,-6445.0,20789.0,12069.0,-818.0,-25991.0,0.0,-25991.0
364,ARDX,12/31/2019,-0.0015,259782.0,73127.0,186655.0,186655.0,186655.0,236669.0,181133.0,155476.0,-76484.0,5281.0,64478.0,23373.0,-94940.0,0.0,-94637.0
365,ARQT,12/31/2019,-0.0012,107012.0,172041.0,-65029.0,-65029.0,-65029.0,-65029.0,63336.0,93103.0,-42836.0,0.0,35064.0,-26325.0,-41996.0,0.0,-41996.0
366,ARDS,12/31/2019,-0.0035,27967.0,24331.0,3636.0,3636.0,3604.0,3636.0,20897.0,4993.0,-8159.0,1022.0,8458.0,-174.0,-29681.0,0.0,-29681.0
367,ARGX,12/31/2019,-0.0042,1433339.0,382593.0,1050746.0,1050746.0,1010585.0,1050746.0,331282.0,659359.0,134584.0,69783.0,38619.0,-744338.0,-173230.0,3422.0,-158213.0
368,ARNA,12/31/2019,0.0077,1174123.0,102658.0,1071465.0,1071465.0,1071465.0,1071465.0,243500.0,9865.0,568694.0,806431.0,51698.0,-496949.0,397555.0,0.0,507888.0
369,ARVN,12/31/2019,-0.0021,301641.0,74955.0,226686.0,226686.0,226686.0,228686.0,9211.0,139744.0,-40626.0,42976.0,32928.0,-93097.0,-45617.0,0.0,-70292.0
370,ASLN,12/31/2019,-0.0015,23349.0,23953.0,-603.274,-1677.0,-1680.0,15954.0,22203.0,19091.0,-25803.0,3000.0,32478.0,5.38,-27648.0,-3977.0,-46658.0
371,ASND,12/31/2019,-0.0047,676732.0,79618.0,597114.0,597114.0,593619.0,597114.0,598106.0,493593.0,-175936.0,13375.0,46507.0,-5159.0,-225755.0,8.3061,-218250.0
372,ATHA,12/31/2019,0.0,2189.0,21912.0,-19723.0,-19723.0,-19723.0,-18170.0,2056.0,946.0,-3713.0,0.0,6187.0,1506.0,-5090.0,0.0,-5161.0
373,ATNX,12/31/2019,-0.0017,309932.0,134077.0,175855.0,188225.0,141190.0,241471.0,127674.0,167452.0,-97460.0,101229.0,74054.0,7499.0,-123749.0,0.0,-124605.0
374,ATRA,12/31/2019,-0.0057,342942.0,52161.0,290781.0,290781.0,290781.0,290781.0,75711.0,188786.0,-235626.0,0.0,51308.0,60459.0,-290976.0,0.0,-290964.0
375,ATOS,12/31/2019,-0.002,14490.0,1334.0,13156.0,13156.0,13087.0,13156.0,12691.0,11337.0,-9128.0,0.0,8497.0,-7.625,-17240.0,0.0,-17240.0
376,ATRC,12/31/2019,0.0,557880.0,310537.0,247343.0,247343.0,-117319.0,309195.0,28483.0,14373.0,-15811.0,230807.0,37589.0,-2147.0,-35194.0,0.0,-34995.0
377,ATXI,12/31/2019,-0.0017,8915.0,2115.0,6800.0,6800.0,6800.0,6800.0,8745.0,32333.0,-26259.0,0.0,15722.0,0.0,-25908.0,0.0,-25908.0
378,AUTL,12/31/2019,-0.0029,303533.0,48694.0,254839.0,254839.0,254585.0,254839.0,211430.0,108863.0,-101484.0,2908.0,43066.0,-18668.0,-120194.0,-447.118,-139008.0
379,AVEO,12/31/2019,0.0,50600.0,35754.0,14846.0,14846.0,14846.0,30612.0,29785.0,26194.0,-2919.0,28795.0,15376.0,-17917.0,-2189.0,0.0,9388.0
380,AVGR,12/31/2019,-0.0032,23825.0,16930.0,6895.0,6895.0,6895.0,15862.0,10943.0,11867.0,-17264.0,9131.0,7239.0,-70.0,-19450.0,0.0,-19450.0
381,BCEL,12/31/2019,-0.0043,195715.0,8763.0,186952.0,186952.0,186952.0,186952.0,159236.0,131174.0,-58538.0,0.0,15834.0,-27904.0,-67231.0,0.0,-67483.0
382,EARS,12/31/2019,-0.0144,9226.0,3190.0,6036.0,6036.0,-729.48,6036.0,1385.0,7378.0,-8393.0,0.0,795.043,-3001.0,-7023.0,52.8541,-6826.0
383,LIFE,12/31/2019,-0.007,36188.0,15162.0,21026.0,21184.0,21184.0,29921.0,9210.0,1336.0,-20013.0,422.0,3356.0,4925.0,-23603.0,0.0,-23763.0
384,RNA,12/31/2019,-0.0014,96907.0,162264.0,-65357.0,-65357.0,-65357.0,-60813.0,94578.0,89233.0,2490.0,2319.0,12432.0,-235.0,-24719.0,0.0,-24734.0
385,AVRO,12/31/2019,-0.0027,200514.0,14501.0,186013.0,186013.0,186013.0,186013.0,187535.0,129994.0,-67668.0,0.0,27432.0,-1585.0,-72965.0,0.0,-72965.0
386,AXLA,12/31/2019,-0.0035,94359.0,34135.0,60224.0,60224.0,60224.0,85121.0,92053.0,63666.0,-50962.0,0.0,16625.0,-117.0,-58986.0,0.0,-59037.0
387,AXNX,12/31/2019,-0.0028,219822.0,36819.0,183003.0,183003.0,182692.0,203339.0,171082.0,110955.0,-83454.0,13820.0,28567.0,45287.0,-79935.0,0.0,-79934.0
388,AXSM,12/31/2019,-0.002,220550.0,41827.0,178722.0,178722.0,178722.0,198657.0,219966.0,252389.0,-46375.0,0.0,34020.0,-16.121,-68345.0,0.0,-68345.0
389,AYLA,12/31/2019,-0.0021,20054.0,5601.0,14453.0,14453.0,14453.0,14453.0,16808.0,7075.0,-14950.0,2334.0,8580.0,-1581.0,-17792.0,0.0,-17486.0
390,AZRX,12/31/2019,0.0,8903.0,4286.0,4617.0,4617.0,-676.526,6139.0,175.796,13145.0,-14034.0,0.0,22426.0,-24.098,-15178.0,0.0,-15178.0
391,BEAM,12/31/2019,-0.002,156099.0,55154.0,100945.0,-201104.0,-201104.0,-195390.0,50553.0,41279.0,-72003.0,18.0,45325.0,-66659.0,-72926.0,0.0,-78326.0
392,BGNE,12/31/2019,-0.0159,1612289.0,633934.0,978355.0,962205.0,956250.0,1202900.0,620775.0,85680.0,-750269.0,428212.0,60054.0,554163.0,-948628.0,0.0,-943586.0
393,BLCM,12/31/2019,-0.024,116250.0,142467.0,-26217.0,-26217.0,-26217.0,10500.0,93816.0,74088.0,-77569.0,7143.0,4685.0,48857.0,-93285.0,0.0,-112477.0
394,BLPH,12/31/2019,-0.003,13108.0,9517.0,3591.0,3591.0,3591.0,3591.0,10277.0,6167.0,-12936.0,0.0,4503.0,0.0,-15628.0,320.5656,-15068.0
395,BASI,9/30/2019,0.0,41980.0,31270.0,10710.0,10675.0,4184.0,27273.0,606.0,6205.0,1777.0,43616.0,10383.0,-8149.0,-790.0,0.0,-786.0
396,BCRX,12/31/2019,0.0,175282.0,137030.0,38252.0,38252.0,38252.0,118122.0,115723.0,99098.0,-89584.0,48835.0,115600.0,77934.0,-109414.0,0.0,-108897.0
397,BCYC,12/31/2019,-0.0028,110194.0,16996.0,93198.0,93198.0,93198.0,93198.0,92117.0,58440.0,-28613.0,13801.0,11045.0,-1555.0,-30608.0,0.0,-30862.0
398,BFRA,12/31/2019,0.0,58363.0,48408.0,9955.0,9955.0,-12894.0,33277.0,11119.0,3455.0,-32894.0,31265.0,22345.0,21053.0,-7358.0,0.0,-4777.0
399,BIOC,12/31/2019,-0.0122,17733.0,6532.0,11201.0,11201.0,11201.0,11201.0,9301.0,29663.0,-23049.0,5529.0,2066.0,-735.3,-23307.0,0.0,-25138.0
400,BLU,12/31/2019,0.0,95836.0,7590.0,88246.0,88246.0,86440.0,88246.0,18584.0,73760.0,-21332.0,26.7938,47430.0,-45007.0,-24964.0,0.0,-26385.0
401,BMRN,12/31/2019,0.0,4690039.0,1567658.0,3122381.0,3122381.0,2468762.0,3970501.0,437446.0,-74674.0,48262.0,1704048.0,179039.0,-31026.0,-42098.0,6750.0,-94811.0
402,BNTC,6/30/2020,0.0,11587.0,1349.0,10238.0,10238.0,10238.0,10238.0,9801.0,1770.0,-7535.0,97.0,856.764,-94.0,-8185.0,0.0,-8274.0
403,BVXV,12/31/2019,-0.0132,115750.0,180803.0,-65053.0,-65053.0,-65053.0,58727.0,72467.0,85214.0,-77058.0,0.0,8166.0,-7199.0,-93421.0,0.0,-109194.0
404,BYSI,12/31/2019,-0.0016,44555.0,13424.0,31131.0,30277.0,30277.0,31742.0,35933.0,80171.0,-48162.0,0.0,24646.0,-4.0,-38081.0,0.0,-40333.0
405,BBIO,12/31/2019,-0.0025,631679.0,157946.0,473733.0,408454.0,408454.0,500245.0,364197.0,398792.0,-253587.0,40560.0,105099.0,-217253.0,-260171.0,0.0,-288585.0
406,BDTX,12/31/2019,-0.0011,158295.0,205452.0,-47157.0,-47157.0,-47157.0,-47157.0,154721.0,127756.0,-24674.0,0.0,32636.0,-21.0,-28865.0,0.0,-35258.0
407,BEAT,12/31/2019,0.0,685720.0,318803.0,366917.0,366917.0,-64000.0,561584.0,68614.0,-4379.0,67550.0,439107.0,36440.0,-75473.0,57189.0,-9067.0,39728.0
408,BLUE,12/31/2019,-0.0143,1727424.0,442431.0,1284993.0,1284993.0,1257539.0,1284993.0,381709.0,21187.0,-564384.0,44674.0,55191.0,507807.0,-786864.0,-2.747,-790153.0
409,BNR,12/31/2019,-0.0021,847557.0,1739051.0,-891494.0,-891494.0,-891837.0,-833729.0,98244.0,571735.0,-228041.0,381677.0,82078.0,-346660.0,-167803.0,0.0,-169156.0
410,BNTX,12/31/2019,0.0,797647.0,304155.0,493492.0,493492.0,404058.0,493492.0,519149.0,383290.0,-198537.0,108589.0,211499.0,-77115.0,-181394.0,3.4964,-179440.0
411,BPMC,12/31/2019,-0.0073,707694.0,243335.0,464359.0,464359.0,464359.0,464359.0,119604.0,340638.0,-278015.0,66512.0,47829.0,-16466.0,-347694.0,0.0,-347694.0
412,BTAI,12/31/2019,-0.002,36392.0,9497.0,26895.0,26895.0,26895.0,26895.0,32426.0,18011.0,-27280.0,0.0,16289.0,-870.0,-33601.0,0.0,-32968.0
413,BWAY,12/31/2019,-0.001,38736.0,14516.0,24220.0,24220.0,24220.0,24220.0,21674.0,22474.0,-7244.0,23101.0,10253.0,-2446.0,-10376.0,14.26,-9906.0
414,CABA,12/31/2019,-0.0041,141468.0,3147.0,138321.0,138321.0,138321.0,138321.0,136204.0,119925.0,-16045.0,0.0,24034.0,-693.0,-16943.0,0.0,-16943.0
415,APOP,12/31/2019,-0.0079,21320.0,6483.0,14837.0,14837.0,14837.0,14837.0,18106.0,21871.0,-20337.0,0.0,2126.0,-108.0,-16808.0,0.0,-16808.0
416,CALA,12/31/2019,-0.0019,168768.0,26342.0,142426.0,142426.0,142426.0,142426.0,60877.0,98908.0,-78745.0,0.0,47312.0,-10784.0,-89860.0,0.0,-89860.0
417,CALT,12/31/2019,0.0,845200.0,57129.0,788071.0,788071.0,772005.0,788071.0,753540.0,198835.0,-71011.0,184829.0,36941.0,-18072.0,-29817.0,0.0,-32501.0
418,CARA,12/31/2019,-0.0025,232959.0,46246.0,186713.0,186713.0,186713.0,186713.0,18713.0,142604.0,-109225.0,19886.0,42669.0,-30516.0,-106373.0,0.0,-107189.0
419,CATB,12/31/2019,-0.0024,41780.0,6060.0,35720.0,35720.0,35720.0,35720.0,10376.0,25620.0,-26569.0,0.0,11199.0,-4082.0,-26293.0,0.0,-26293.0
420,CDNA,12/31/2019,0.0,151736.0,52736.0,99000.0,99000.0,29602.0,99000.0,38479.0,-132.0,-2769.0,127068.0,42152.0,-22579.0,-22261.0,26.477,-23947.0
421,CELC,12/31/2019,0.0,20281.0,983.229,19298.0,19298.0,19298.0,19298.0,18735.0,259.305,-5999.0,0.0,10226.0,8530.0,-7359.0,0.0,-7359.0
422,CPRX,12/31/2019,0.0,112376.0,24746.0,87630.0,87630.0,87630.0,87630.0,89512.0,1116.0,34611.0,102306.0,106021.0,37225.0,31875.0,0.0,33409.0
423,CSII,6/30/2020,0.0,339519.0,70727.0,268792.0,268792.0,252186.0,268792.0,185463.0,132660.0,-12765.0,236545.0,33536.0,-8669.0,-27236.0,0.0,-27005.0
424,CSTL,12/31/2019,0.0,119746.0,34633.0,85113.0,85113.0,85113.0,110235.0,98845.0,88288.0,7015.0,51865.0,8658.0,-937.0,134.1694,70.1694,5349.0
425,CCXI,12/31/2019,0.0,209083.0,143083.0,66000.0,66000.0,66000.0,85786.0,40259.0,94820.0,-70123.0,35952.0,56898.0,-12526.0,-55489.0,0.0,-55489.0
426,CERC,12/31/2019,0.0,36109.0,15113.0,20996.0,20993.0,4157.0,20993.0,3729.0,12559.0,-19134.0,6750.0,57404.0,-443.002,-17224.0,352.6889,-15990.0
427,CERS,12/31/2019,0.0,165535.0,108483.0,57052.0,57052.0,55604.0,101483.0,37421.0,43487.0,-65838.0,93774.0,139831.0,28185.0,-71181.0,-23.22,-70981.0
428,CHEK,12/31/2019,-0.0017,9429.0,3195.0,6234.0,6234.0,6234.0,6234.0,8035.0,6511.0,-12843.0,0.0,7986.0,5445.0,-13829.0,0.0,-13836.0
429,CHMA,12/31/2019,-0.0011,98826.0,13057.0,85769.0,85769.0,85769.0,86607.0,27855.0,85464.0,-35012.0,0.0,34204.0,-35657.0,-36265.0,-20.25,-36036.0
430,CLLS,12/31/2019,-0.0024,467469.0,111999.0,355470.0,315123.0,314015.0,315123.0,340522.0,-3862.0,-69142.0,15190.0,42461.0,-35872.0,-105901.0,0.0,-115212.0
431,CMPI,12/31/2019,-0.0034,5126.0,5634.0,-508.0,-97436.0,-97436.0,-97436.0,4205.0,18977.0,-26851.0,0.0,8221.0,,-28292.0,0.0,-28292.0
432,CMRX,12/31/2019,-0.002,119376.0,9424.0,109952.0,109952.0,109952.0,109952.0,16901.0,345.0,-75181.0,12519.0,55502.0,10631.0,-112576.0,0.0,-112576.0
433,CNTG,12/31/2019,-0.0013,117510.0,58588.0,58922.0,59860.0,45715.0,65126.0,41095.0,25473.0,-7775.0,48780.0,16409.0,14175.0,-21332.0,176.58,-20697.0
434,CYAD,12/31/2019,-0.0023,89836.0,44217.0,45619.0,45619.0,9420.0,45848.0,39338.0,18276.0,-28202.0,6.0,12523.0,8987.0,-29573.0,0.0,-28640.0
435,CBLI,12/31/2019,0.0,2037.0,1053.0,984.286,-4056.0,-4056.0,-4056.0,1126.0,0.0,-2663.0,1113.0,11298.0,156.783,-2718.0,0.0,-2695.0
436,CDTX,12/31/2019,-0.0014,68976.0,31141.0,37835.0,37835.0,37835.0,47800.0,60268.0,14273.0,-28532.0,20915.0,29093.0,-35.0,-41503.0,0.0,-41092.0
437,CHRS,12/31/2019,0.0012,408927.0,303713.0,105214.0,105214.0,101651.0,283600.0,177908.0,89370.0,28355.0,356071.0,73186.0,-12732.0,89833.0,0.0,92775.0
438,CLSD,12/31/2019,0.0,26776.0,15619.0,11157.0,11157.0,11157.0,16309.0,22955.0,8695.0,-27068.0,2173.0,38171.0,32925.0,-30770.0,0.0,-30770.0
439,CLVS,12/31/2019,-0.0074,669604.0,843861.0,-174257.0,-174257.0,-300251.0,505485.0,161833.0,119888.0,-323615.0,143006.0,53873.0,143398.0,-387096.0,-4929.0,-398626.0
440,CMPS,12/31/2019,-0.0011,32389.0,62779.0,-30390.0,-30390.0,-30390.0,-9301.0,24984.0,18379.0,-17813.0,0.0,17259.0,-165.0,-19612.0,0.0,-19597.0
441,CNSP,12/31/2019,0.0,7912.0,310.999,7601.0,7601.0,7601.0,7601.0,7241.0,10260.0,-3553.0,0.0,13648.0,-20.12,-3877.0,0.0,-3877.0
442,CODX,12/31/2019,0.0,2215.0,478.07,1737.0,1737.0,1737.0,1737.0,893.138,5903.0,-5525.0,214.974,16757.0,-435.246,-6196.0,0.0,-6196.0
443,COLL,12/31/2019,0.0,306302.0,218870.0,87432.0,87432.0,57929.0,98932.0,170019.0,2041.0,27783.0,296701.0,33454.0,-6438.0,-22722.0,0.0,-22722.0
444,SXTC,3/31/2020,0.0,21702.0,12301.0,9401.0,9401.0,9351.0,16125.0,7287.0,3024.0,934.247,5162.0,24729.0,-5497.0,-4717.0,-55.082,-10390.0
445,CFMS,12/31/2019,0.0,72396.0,56050.0,16346.0,16346.0,16346.0,35969.0,26856.0,8527.0,-2838.0,77429.0,64122.0,4324.0,-27973.0,-186.84,-28433.0
446,CFRX,12/31/2019,-0.0154,35009.0,19464.0,15545.0,15545.0,15545.0,15545.0,24184.0,21321.0,-27428.0,0.0,828.35,21971.0,-27507.0,0.0,-12794.0
447,CGEN,12/31/2019,0.0,53763.0,15442.0,38321.0,38321.0,38321.0,38321.0,9839.0,25931.0,-27888.0,0.0,63637.0,5330.0,-27256.0,-2.1357,-28059.0
448,CNCE,12/31/2019,-0.0033,137471.0,36014.0,101457.0,101457.0,101457.0,101457.0,54200.0,1451.0,-48761.0,1077.0,23740.0,82583.0,-79003.0,0.0,-78166.0
449,CNMD,12/31/2019,0.0,1775095.0,1064628.0,710467.0,710467.0,-440375.0,1479274.0,25856.0,300881.0,95133.0,955097.0,29495.0,-387662.0,28620.0,0.0,31225.0
450,CNST,12/31/2019,-0.003,399130.0,61546.0,337584.0,337584.0,337584.0,367226.0,334757.0,341597.0,-72248.0,0.0,28152.0,-49609.0,-85550.0,0.0,-85526.0
451,CORT,12/31/2019,0.0,412312.0,41130.0,371182.0,371182.0,371182.0,371182.0,31269.0,-28645.0,136117.0,306486.0,122566.0,-117828.0,94181.0,0.0,116676.0
452,CRNX,12/31/2019,-0.0021,130377.0,13238.0,117139.0,117139.0,117139.0,117139.0,40826.0,67.0,-46381.0,1193.0,24175.0,41667.0,-50422.0,0.0,-50422.0
453,CRTX,12/31/2019,-0.0019,124370.0,8892.0,115478.0,115478.0,115478.0,115478.0,51214.0,77366.0,-33277.0,0.0,19062.0,-17747.0,-36980.0,0.0,-36980.0
454,CRVS,12/31/2019,-0.0016,83646.0,12535.0,71111.0,71111.0,71111.0,71111.0,5154.0,24.0,-37321.0,0.0,29350.0,3255.0,-46672.0,0.0,-46672.0
455,CPIX,12/31/2019,0.0,104549.0,53464.0,51085.0,51123.0,19321.0,69623.0,28213.0,-5081.0,3056.0,47534.0,15396.0,2298.0,-3538.0,0.0,-3626.0
456,CRSP,12/31/2019,0.0012,1066752.0,127327.0,939425.0,939425.0,939190.0,939425.0,948812.0,430983.0,56677.0,289590.0,56933.0,1325.0,66858.0,0.0,67306.0
457,CTIC,12/31/2019,0.0,46280.0,28350.0,17930.0,23688.0,23688.0,32955.0,31144.0,-5607.0,-27822.0,3345.0,57974.0,28132.0,-38945.0,0.0,-40023.0
458,CTMX,12/31/2019,-0.0023,341282.0,290169.0,51113.0,51113.0,48852.0,51113.0,189342.0,1627.0,-140480.0,57489.0,45336.0,79701.0,-102238.0,0.0,-102665.0
459,CUE,12/31/2019,-0.0017,71605.0,17021.0,54584.0,54584.0,54584.0,54584.0,44440.0,50790.0,-30797.0,3458.0,22042.0,3447.0,-36699.0,0.0,-36286.0
460,CUTR,12/31/2019,0.0,113738.0,67796.0,45942.0,45942.0,44603.0,45942.0,26316.0,1414.0,-2217.0,181712.0,14096.0,1067.0,-12348.0,0.0,-12263.0
461,CVAC,12/31/2019,0.0,130620.0,173422.0,-42802.0,-42802.0,-48500.0,22216.0,30684.0,67979.0,-86963.0,17416.0,175968.0,28181.0,-99873.0,0.0,-100125.0
462,CYTK,12/31/2019,-0.0021,289814.0,300751.0,-10937.0,-10937.0,-10937.0,118320.0,36433.0,159791.0,-90907.0,26868.0,57575.0,-74707.0,-121692.0,0.0,-121692.0
463,DARE,12/31/2019,0.0,7443.0,7002.0,440.826,440.826,440.826,440.826,4780.0,5152.0,-13315.0,0.0,15579.0,6144.0,-14264.0,0.0,-14264.0
464,DBVT,12/31/2019,-0.0029,241476.0,69913.0,171563.0,171563.0,171521.0,173371.0,172027.0,182791.0,-128519.0,0.0,57850.0,-5058.0,-153587.0,0.0,-153042.0
465,DCPH,12/31/2019,-0.0045,622409.0,75942.0,546467.0,546467.0,546467.0,546467.0,120320.0,436374.0,-149296.0,25000.0,42869.0,-460522.0,-192256.0,0.0,-192256.0
466,DMAC,12/31/2019,0.0,9053.0,1436.0,7617.0,7617.0,7617.0,7617.0,3883.0,70.0,-9102.0,0.0,11988.0,-3908.0,-10649.0,0.0,-10618.0
467,DMTK,12/31/2019,-0.0028,18211.0,5722.0,12489.0,12489.0,12489.0,12489.0,15374.0,28622.0,-17791.0,3364.0,7005.0,-210.0,-20617.0,0.0,-19689.0
468,DNLI,12/31/2019,-0.0021,553231.0,158341.0,394890.0,394890.0,394890.0,394890.0,80949.0,6190.0,-151576.0,26678.0,95608.0,147712.0,-197614.0,0.0,-197965.0
469,DRAD,12/31/2019,-0.0026,90560.0,49863.0,40697.0,21095.0,-11786.0,42169.0,2061.0,5666.0,400.0,114185.0,2041.0,-5818.0,-2361.0,-193.475,-5268.0
470,DRNA,12/31/2019,-0.0018,597409.0,445214.0,152195.0,152195.0,152195.0,152195.0,156710.0,52888.0,-692.0,23904.0,68428.0,49531.0,-120459.0,0.0,-120459.0
471,DRRX,12/31/2019,0.0,86020.0,63160.0,22860.0,22860.0,16461.0,43122.0,35074.0,19503.0,11101.0,29564.0,178042.0,-27324.0,-20578.0,0.0,-20578.0
472,DVAX,12/31/2019,-0.0022,279068.0,270778.0,8290.0,8290.0,3709.0,186891.0,40100.0,154351.0,-121252.0,35219.0,72024.0,-42782.0,-131744.0,0.0,-152600.0
473,DXCM,12/31/2019,0.0011,2395000.0,1512400.0,882600.0,882600.0,864000.0,1942300.0,446400.0,10700.0,314500.0,1476000.0,92300.0,-1015200.0,101100.0,0.0,104200.0
474,XRAY,12/31/2019,0.0012,8602900.0,3508000.0,5094900.0,5092500.0,-480300.0,6527900.0,404900.0,-466100.0,632800.0,4029200.0,224400.0,-68400.0,303896.0,-12804.0,345400.0
475,DYN,12/31/2019,-0.0013,16436.0,2400.0,14036.0,-13393.0,-13393.0,-13393.0,14632.0,19989.0,-11834.0,0.0,10325.0,-1647.0,-14859.0,0.0,-14859.0
476,ECOR,12/31/2019,-0.0015,35462.0,10565.0,24897.0,24262.0,24262.0,24373.0,13564.0,160.843,-45067.0,2390.0,29380.0,50971.0,-43690.0,-539.2688,-45130.0
477,EDAP,12/31/2019,0.0,53068.0,25710.0,27358.0,27358.0,24176.0,32290.0,20886.0,-664.0,3800.0,44911.0,29620.0,-1532.0,1418.0,42.147,2191.0
478,EDIT,12/31/2019,-0.0027,508885.0,246448.0,262437.0,262437.0,262437.0,262437.0,239802.0,131824.0,-40669.0,20531.0,49983.0,12252.0,-133746.0,0.0,-133746.0
479,EGRX,12/31/2019,0.001,254554.0,75380.0,179174.0,179174.0,123848.0,217731.0,109775.0,-24225.0,55986.0,195892.0,14139.0,-777.0,14313.0,0.0,21998.0
480,EIDX,12/31/2019,-0.001,203820.0,32393.0,171427.0,171427.0,171427.0,187539.0,191157.0,65885.0,-31648.0,26691.0,36625.0,-227.0,-37835.0,0.0,-37835.0
481,EIGR,12/31/2019,-0.0031,105139.0,48659.0,56480.0,56480.0,56480.0,86870.0,39373.0,58196.0,-63614.0,0.0,22786.0,-16471.0,-70252.0,0.0,-70252.0
482,ENLV,12/31/2019,-0.0089,17560.0,6278.0,11282.0,11282.0,11282.0,11282.0,5524.0,8306.0,-7041.0,0.0,1081.0,-6359.0,-8388.0,0.0,-9384.0
483,ENTA,9/30/2019,0.0022,489829.0,27337.0,462492.0,462492.0,462492.0,462492.0,51838.0,2574.0,71418.0,205197.0,20968.0,-86664.0,46383.0,0.0,45557.0
484,NDRA,12/31/2019,-0.0023,7176.0,2416.0,4761.0,4761.0,4761.0,5059.0,6174.0,8335.0,-8589.0,0.0,7500.0,-43.595,-13306.0,0.0,-13306.0
485,ENTX,12/31/2019,0.0,16703.0,4784.0,11919.0,11919.0,11314.0,11919.0,15185.0,12652.0,-8919.0,236.0,12147.0,3946.0,-10795.0,0.0,-10795.0
486,EPZM,12/31/2019,-0.0019,424589.0,93452.0,331137.0,293705.0,293705.0,317014.0,140991.0,286346.0,-147168.0,23800.0,89891.0,-85320.0,-170295.0,0.0,-170237.0
487,EQ,12/31/2019,-0.0015,55539.0,13691.0,41848.0,41848.0,41848.0,51529.0,13219.0,9836.0,-22949.0,0.0,17378.0,-2166.0,-25600.0,0.0,-25600.0
488,ERYP,12/31/2019,-0.0021,118546.0,32987.0,85559.0,85559.0,84956.0,86980.0,73173.0,40.0,-43310.0,0.0,17937.0,-19838.0,-62659.0,0.0,-62660.0
489,ESPR,12/31/2019,-0.0036,214447.0,194497.0,19950.0,19950.0,19894.0,19950.0,167058.0,136195.0,-70341.0,148364.0,27090.0,64231.0,-97165.0,0.0,-97165.0
490,ESTA,12/31/2019,-0.0019,116531.0,76917.0,39614.0,39614.0,35708.0,87756.0,37655.0,22789.0,-29983.0,89565.0,20542.0,-7766.0,-40480.0,998.4,-37510.0
491,ETON,12/31/2019,-0.001,17072.0,6522.0,10550.0,10550.0,9825.0,15090.0,12066.0,5203.0,-18026.0,959.0,17761.0,-1846.0,-18320.0,0.0,-18320.0
492,ETTX,12/31/2019,-0.0033,51034.0,8877.0,42157.0,42157.0,42157.0,42157.0,16034.0,57.0,-44743.0,7000.0,13160.0,11360.0,-43850.0,0.0,-43173.0
493,EVFM,12/31/2019,-0.002,28295.0,12659.0,15636.0,15636.0,15636.0,15636.0,16625.0,78076.0,-55097.0,0.0,40229.0,-8115.0,-74372.0,-2094.0,-80029.0
494,EVLO,12/31/2019,-0.0027,90920.0,30723.0,60197.0,60197.0,60197.0,79831.0,79333.0,4992.0,-71980.0,0.0,32032.0,51970.0,-85472.0,0.0,-85282.0
495,EOLS,12/31/2019,-0.0032,240442.0,160985.0,79457.0,79457.0,-1389.0,170910.0,109892.0,133547.0,-93383.0,34925.0,28238.0,-23434.0,-90034.0,0.0,-105061.0
496,EVOK,12/31/2019,0.0,6396.0,2015.0,4381.0,4381.0,4381.0,4381.0,5664.0,6107.0,-5762.0,0.0,22296.0,,-7126.0,0.0,-7126.0
497,EXAS,12/31/2019,0.0,3505768.0,1217707.0,2288061.0,2288061.0,-58686.0,3116532.0,177528.0,253181.0,-115010.0,876293.0,131257.0,-121073.0,-103360.0,7163.0,-268851.0
498,EXEL,12/31/2019,0.001,1885670.0,199700.0,1685970.0,1685970.0,1622286.0,1685970.0,268137.0,12553.0,526956.0,967775.0,315009.0,-587247.0,321012.0,0.0,398109.0
499,EYEN,12/31/2019,-0.0015,14698.0,2957.0,11741.0,11741.0,11741.0,11741.0,14153.0,13510.0,-18919.0,0.0,14350.0,-166.643,-21157.0,0.0,-21157.0
500,FATE,12/31/2019,-0.0014,302274.0,57518.0,244756.0,244753.0,244753.0,244753.0,100041.0,149928.0,-83175.0,10680.0,68191.0,-157453.0,-98149.0,0.0,-98149.0
501,FGEN,12/31/2019,0.0,857397.0,321991.0,535406.0,516135.0,516135.0,516135.0,126266.0,-4300.0,-78705.0,256577.0,86633.0,120018.0,-76970.0,0.0,-76642.0
502,FLXN,12/31/2019,-0.0039,217560.0,237668.0,-20108.0,-20108.0,-20108.0,173481.0,82253.0,29018.0,-148758.0,72957.0,38086.0,114764.0,-149773.0,0.0,-149773.0
503,FPRX,12/31/2019,-0.0039,224142.0,73669.0,150473.0,150473.0,150473.0,150473.0,57343.0,-463.0,-113866.0,14874.0,34970.0,126176.0,-137202.0,0.0,-137202.0
504,XGN,12/31/2019,-0.0085,88310.0,32651.0,55659.0,55659.0,50153.0,81513.0,72184.0,68734.0,-9711.0,40387.0,3579.0,-103.0,-12233.0,72.09,-12013.0
505,FBRX,12/31/2019,,7657.0,12427.0,-4770.0,-4770.0,-4770.0,-4770.0,6939.0,4856.0,-2771.0,0.0,,-161.597,-4069.0,0.0,-4069.0
506,FLGT,12/31/2019,0.0,88756.0,5979.0,82777.0,82777.0,82777.0,82777.0,11965.0,28775.0,5517.0,32528.0,18709.0,-29046.0,-411.0,0.0,409.0
507,FMTX,12/31/2019,-0.0032,183035.0,27487.0,155548.0,155548.0,155548.0,155548.0,173796.0,54805.0,-34490.0,100557.0,11368.0,69417.0,-29767.0,-264.5,-36641.0
508,FONR,6/30/2019,0.0022,133560.0,15448.0,118112.0,115956.0,107215.0,116270.0,13882.0,-6622.0,19448.0,87193.0,6482.0,-18579.0,14878.0,42.949,22519.0
509,FREQ,12/31/2019,-0.0023,223218.0,55860.0,167358.0,167358.0,167358.0,167358.0,200158.0,142015.0,34215.0,28947.0,8649.0,-18261.0,-18891.0,0.0,-18746.0
510,FRLN,12/31/2019,-0.0016,97390.0,12434.0,84956.0,84955.0,84912.0,84955.0,74571.0,114589.0,-52322.0,0.0,21351.0,-3022.0,-53909.0,0.0,-53768.0
511,FULC,12/31/2019,-0.0081,110439.0,23286.0,87153.0,87153.0,87153.0,87153.0,97805.0,64343.0,-39483.0,0.0,11046.0,-944.0,-82677.0,0.0,-82677.0
512,FUSN,12/31/2019,0.0,69400.0,102888.0,-33488.0,-33488.0,-33488.0,-33488.0,67121.0,52187.0,-13690.0,0.0,18696.0,-456.0,-16189.0,0.0,-15938.0
513,FWP,12/31/2019,-0.0013,78165.0,596.0,77569.0,77569.0,77569.0,77569.0,77598.0,-799.0,-2231.0,0.0,6762.0,0.0,-4980.0,0.0,-4221.0
514,GTHX,12/31/2019,-0.0033,284831.0,29304.0,255527.0,255527.0,255527.0,255527.0,269708.0,2705.0,-99571.0,0.0,37499.0,-2716.0,-122447.0,0.0,-122447.0
515,GBIO,12/31/2019,-0.0031,42140.0,140732.0,-98592.0,-98592.0,-98592.0,-98592.0,17183.0,78.0,-40346.0,0.0,19693.0,47985.0,-61317.0,0.0,-61317.0
516,GLMD,12/31/2019,0.0,77139.0,7286.0,69853.0,69853.0,69853.0,69853.0,16043.0,143.0,-14937.0,0.0,21114.0,6678.0,-20456.0,0.0,-20461.0
517,GLPG,12/31/2019,0.0025,6068609.0,3192951.0,2875658.0,2875658.0,2850733.0,2875658.0,1861616.0,1335751.0,3208617.0,844986.0,60113.0,-3764660.0,375817.0,-322.7184,150060.0
518,GMAB,12/31/2019,0.0034,15144000.0,1096000.0,14048000.0,14048000.0,13578000.0,14048000.0,3552000.0,3660000.0,1326000.0,5366000.0,636368.0,-1983000.0,2083920.0,25920.0,2859000.0
519,GMDA,12/31/2019,-0.0017,68775.0,33792.0,34983.0,34983.0,34983.0,34983.0,41838.0,35729.0,-37930.0,0.0,29360.0,3666.0,-50219.0,32.3349,-34421.0
520,GNCA,12/31/2019,-0.0019,52611.0,27569.0,25042.0,24341.0,24341.0,37748.0,40758.0,52901.0,-37734.0,0.0,20644.0,-1087.0,-39936.0,0.0,-38950.0
521,GNFT,12/31/2019,-0.0025,309853.0,225788.0,84065.0,84065.0,83145.0,255401.0,276748.0,116860.0,-47680.0,30839.0,31167.0,327.0,-65754.0,5.3901,-65721.0
522,GNMK,12/31/2019,0.0,111473.0,99310.0,12163.0,12163.0,10731.0,81308.0,45118.0,45173.0,-34926.0,88021.0,57603.0,-2172.0,-47350.0,0.0,-47286.0
523,GRTX,12/31/2019,-0.0024,123376.0,53768.0,69608.0,69608.0,66469.0,69608.0,18356.0,78031.0,-46661.0,0.0,24812.0,-27825.0,-51890.0,-0.0069,-51939.0
524,GTH,12/31/2019,-0.0051,573508.0,2351839.0,-1778331.0,-1778331.0,-1783813.0,-1755174.0,139954.0,371731.0,-196957.0,323425.0,67680.0,-96807.0,-677795.0,0.0,-676034.0
525,GBT,12/31/2019,-0.0046,796099.0,217405.0,578694.0,578694.0,578694.0,652253.0,304632.0,298158.0,-194417.0,2108.0,58322.0,-76861.0,-275067.0,0.0,-266766.0
526,GERN,12/31/2019,0.0,165517.0,30362.0,135155.0,135155.0,135155.0,135155.0,13914.0,19499.0,-43829.0,460.0,190160.0,27400.0,-68548.0,0.0,-68548.0
527,GILD,12/31/2019,0.0042,61627000.0,38977000.0,22650000.0,22525000.0,4622000.0,47118000.0,11631000.0,-7634000.0,9144000.0,22449000.0,1277000.0,-7817000.0,5386000.0,0.0,5160000.0
528,GLSI,12/31/2019,0.0,26.671,1377.0,-1350.0,-1352.0,-1372.0,-1352.0,6.835,215.0,-293.267,0.0,11946.0,,-3425.0,0.0,-3425.0
529,GLYC,12/31/2019,-0.0013,167970.0,13769.0,154201.0,154201.0,154201.0,154201.0,158201.0,412.913,-51984.0,0.0,43255.0,-144.928,-57892.0,0.0,-57892.0
530,GNPX,12/31/2019,0.0,3534.0,510.684,3024.0,3024.0,2532.0,3024.0,2002.0,1267.0,-6919.0,0.0,16027.0,-946.899,-10655.0,0.0,-10655.0
531,GOSS,12/31/2019,-0.0033,426604.0,74119.0,352485.0,352485.0,352485.0,380944.0,135089.0,321578.0,-144834.0,0.0,54740.0,-147144.0,-180307.0,0.0,-180307.0
532,GRAY,12/31/2019,-0.0031,40660.0,12251.0,28409.0,-102954.0,-102954.0,-102954.0,15870.0,54871.0,-31215.0,0.0,12002.0,-20620.0,-37037.0,0.0,-37037.0
533,GRNV,12/31/2019,,58101.0,85.559,58015.0,58015.0,58015.0,58015.0,,,,,,,,,
534,GRTS,12/31/2019,-0.0028,184389.0,50045.0,134344.0,134344.0,134344.0,134344.0,58400.0,74395.0,-85011.0,4365.0,33555.0,15841.0,-94433.0,0.0,-94433.0
535,GH,12/31/2019,0.0,962535.0,164142.0,798393.0,798393.0,779689.0,798393.0,143228.0,367304.0,-47134.0,214375.0,90597.0,-317570.0,-75651.0,0.0,-69723.0
536,GHSI,12/31/2019,0.0,12877.0,844.981,12032.0,12032.0,11982.0,12032.0,11116.0,16646.0,-6030.0,902.937,36468.0,-171.076,-9608.0,0.0,-10878.0
537,GWPH,12/31/2019,0.0,882249.0,156215.0,726034.0,726034.0,719075.0,726034.0,536933.0,1946.0,-123469.0,311332.0,30965.0,61629.0,-6792.0,-45.44,-9203.0
538,HARP,12/31/2019,-0.0025,176604.0,82384.0,94220.0,94220.0,94220.0,94220.0,89203.0,71449.0,-2891.0,5777.0,21746.0,-69315.0,-55572.0,0.0,-55572.0
539,HCCO,12/31/2019,,251535.0,8842.0,242693.0,242693.0,242693.0,242693.0,,,,,,,,,
540,HCSG,12/31/2019,0.0,722592.0,262287.0,460305.0,460305.0,386868.0,470305.0,27329.0,-75820.0,93581.0,1840778.0,74590.0,-16457.0,56478.0,2573.0,85096.0
541,HJLI,12/31/2019,0.0,3434.0,2444.0,989.94,989.94,989.94,989.94,2117.0,5637.0,-5896.0,31.243,15760.0,-363.891,-7037.0,0.0,-7625.0
542,HRMY,12/31/2019,-0.0031,106703.0,529565.0,-422862.0,-422862.0,-495047.0,-324916.0,25207.0,143769.0,-75436.0,5995.0,49239.0,-127149.0,-151977.0,0.0,-151977.0
543,HSIC,12/31/2019,0.0047,7151101.0,3520964.0,3630137.0,2998044.0,-37333.0,3754776.0,106097.0,-215980.0,654087.0,9985803.0,149257.0,-424373.0,712321.0,-3441.0,680307.0
544,HTBX,12/31/2019,0.0,25957.0,12799.0,13158.0,13572.0,6253.0,13572.0,9040.0,19.052,-12838.0,3049.0,33282.0,-293.996,-19032.0,-364.5783,-20340.0
545,FIXX,12/31/2019,-0.0025,310567.0,52060.0,258507.0,258507.0,258507.0,258507.0,55048.0,158213.0,-91358.0,1666.0,42118.0,-51799.0,-103916.0,0.0,-103916.0
546,HCM,12/31/2019,0.0,465122.0,152219.0,312903.0,288012.0,284625.0,314830.0,121157.0,-1493.0,-80912.0,204890.0,133137.0,119028.0,-106024.0,0.0,-141105.0
547,HOLX,9/30/2019,0.0,6442100.0,4326400.0,2115700.0,2115700.0,-1907800.0,5170700.0,601800.0,-431500.0,649500.0,3367300.0,269413.0,-280700.0,-113461.0,-23961.0,-257700.0
548,HOOK,12/31/2019,-0.0024,143745.0,25846.0,117899.0,117899.0,117899.0,122618.0,113575.0,109751.0,-41731.0,11942.0,17860.0,-1999.0,-43037.0,0.0,-43037.0
549,HOTH,12/31/2019,0.0,2836.0,440.121,2396.0,2396.0,2396.0,2396.0,1891.0,7450.0,-4947.0,0.0,9165.0,-895.0,-7715.0,0.0,-7705.0
550,HSKA,12/31/2019,0.0,244424.0,90060.0,154364.0,154364.0,106688.0,200833.0,89030.0,74264.0,3296.0,122661.0,7446.0,-1923.0,-1465.0,0.0,-2583.0
551,HZNP,12/31/2019,0.0029,4436034.0,2250585.0,2185449.0,2185449.0,69152.0,3538290.0,1080039.0,-290446.0,426332.0,1300029.0,205224.0,-17857.0,623948.0,-18837.0,-20224.0
552,ICLR,12/31/2019,0.0068,2907512.0,1289457.0,1618055.0,1618055.0,666991.0,1967695.0,520309.0,-125406.0,412541.0,2805839.0,54333.0,-162027.0,373986.0,0.0,426989.0
553,ICUI,12/31/2019,0.0047,1692382.0,315138.0,1377244.0,1377244.0,1134591.0,1377244.0,268670.0,-10907.0,101918.0,1266208.0,21545.0,-166888.0,135316.0,-4630.0,114707.0
554,ICCC,12/31/2019,0.0,38692.0,9701.0,28991.0,28991.0,28781.0,37413.0,6293.0,6942.0,233.511,13723.0,6819.0,-3403.0,-1296.0,0.0,-1267.0
555,IDXX,12/31/2019,0.0049,1832475.0,1654650.0,177825.0,177473.0,-120719.0,1165148.0,90326.0,-286409.0,459158.0,2406908.0,87542.0,-205528.0,427720.0,0.0,522218.0
556,IDYA,12/31/2019,-0.0034,113001.0,12601.0,100400.0,100400.0,100400.0,100400.0,34173.0,50610.0,-39313.0,0.0,12497.0,2265.0,-41975.0,0.0,-41975.0
557,IGMS,12/31/2019,-0.0048,261350.0,21119.0,240231.0,240231.0,240231.0,240231.0,35891.0,282258.0,-45116.0,0.0,8995.0,-203238.0,-43133.0,0.0,-43133.0
558,IMAB,12/31/2019,-0.0142,1737572.0,3772267.0,-2034695.0,-2034695.0,-2346113.0,-1916496.0,1193283.0,152709.0,-867982.0,30000.0,30834.0,212462.0,-1436919.0,0.0,-1451950.0
559,IMAC,12/31/2019,0.0,20418.0,12481.0,7937.0,10017.0,807.723,13629.0,373.689,5301.0,-4069.0,15126.0,7754.0,-1053.0,-6637.0,0.0,-6952.0
560,IMGN,12/31/2019,0.0,235262.0,311383.0,-76121.0,-76121.0,-76121.0,-74043.0,176225.0,2873.0,-88367.0,82271.0,148311.0,-533.0,-87714.0,0.0,-104133.0
561,IMRA,12/31/2019,-0.0025,33298.0,4382.0,28916.0,28916.0,28916.0,28916.0,5024.0,43579.0,-21877.0,0.0,9444.0,-24060.0,-23463.0,0.0,-23463.0
562,IMUX,12/31/2019,-0.0045,65955.0,7592.0,58363.0,58363.0,25393.0,58363.0,29369.0,34895.0,-28545.0,0.0,7722.0,10536.0,-34933.0,0.0,-34933.0
563,IMVT,3/31/2020,-0.0015,109387.0,15318.0,94069.0,94069.0,94069.0,94069.0,100571.0,146974.0,-53357.0,0.0,43199.0,-31.0,-66388.0,0.0,-66291.0
564,IMRN,6/30/2020,-0.0013,6202.0,558.25,5644.0,5644.0,5644.0,5644.0,3250.0,1157.0,-1799.0,2519.0,3619.0,-0.864,-2939.0,0.0,-2927.0
565,INBX,12/31/2019,-0.0017,26489.0,120058.0,-93569.0,-93569.0,-93569.0,-59639.0,11540.0,43326.0,-32079.0,13211.0,27077.0,-1810.0,-50658.0,-274.32,-50502.0
566,INGN,12/31/2019,0.0,447339.0,102718.0,344621.0,344621.0,234134.0,344621.0,198037.0,4929.0,40593.0,361943.0,22241.0,-44057.0,20950.0,0.0,24272.0
567,INMB,12/31/2019,0.0,24470.0,860.543,23610.0,23610.0,7096.0,23610.0,6996.0,12209.0,-5385.0,0.0,10273.0,0.0,-7678.0,0.0,-7678.0
568,INMD,12/31/2019,0.0016,218385.0,38582.0,179803.0,176066.0,176066.0,176066.0,44727.0,70173.0,62206.0,156361.0,38059.0,-112452.0,61145.0,0.0,62041.0
569,INZY,12/31/2019,-0.0013,47944.0,81163.0,-33219.0,-33219.0,-33219.0,-33219.0,31735.0,22970.0,-18810.0,0.0,15137.0,-8391.0,-19724.0,0.0,-19724.0
570,IPHA,12/31/2019,0.0,401361.0,183945.0,217416.0,217416.0,120448.0,233010.0,202887.0,77765.0,34924.0,68973.0,66908.0,-62121.0,-25618.0,0.0,-20759.0
571,NARI,12/31/2019,0.0,44547.0,83690.0,-39144.0,-39144.0,-39144.0,-19663.0,24027.0,10224.0,-4936.0,51129.0,37856.0,-3144.0,-235.017,0.0,-1192.0
572,NTEC,12/31/2019,-0.0014,21280.0,9745.0,11535.0,11535.0,11535.0,11535.0,9292.0,2368.0,-29045.0,0.0,33776.0,-3210.0,-36950.0,-3181.0,-46961.0
573,PODD,12/31/2019,0.0,1142900.0,1067000.0,75900.0,75900.0,22900.0,963800.0,213700.0,73500.0,98400.0,738200.0,62304.0,-73600.0,18577.0,-1723.0,14500.0
574,ICPT,12/31/2019,-0.0109,754886.0,703330.0,51556.0,51556.0,51556.0,583634.0,74780.0,457519.0,-236613.0,252002.0,31654.0,-188988.0,-344681.0,0.0,-344681.0
575,IRIX,12/31/2019,0.0,34813.0,12108.0,22705.0,22705.0,22088.0,22705.0,12653.0,-156.0,-7913.0,43447.0,13707.0,-509.0,-8813.0,0.0,-8765.0
576,IRMD,12/31/2019,0.0,66729.0,11204.0,55524.0,55524.0,54664.0,55524.0,43482.0,2020.0,10233.0,38517.0,12276.0,3201.0,9626.0,1.92,9043.0
577,IRTC,12/31/2019,-0.0022,306212.0,170803.0,135409.0,135409.0,134547.0,170342.0,20462.0,111576.0,-21863.0,214552.0,25266.0,-89274.0,-54568.0,0.0,-54503.0
578,IRWD,12/31/2019,0.0,402748.0,495999.0,-93251.0,-93251.0,-94036.0,314743.0,179244.0,-1185.0,10725.0,428413.0,156023.0,-11144.0,79415.0,-7572.0,58943.0
579,ISRG,12/31/2019,0.0115,9733200.0,1448500.0,8284700.0,8263800.0,7844500.0,8263800.0,1182600.0,-168400.0,1598200.0,4478500.0,119500.0,-1154400.0,1379300.0,0.0,1502200.0
580,ITOS,12/31/2019,-0.003,30744.0,15075.0,15669.0,-36088.0,-36088.0,-36088.0,19990.0,22539.0,-23145.0,0.0,7511.0,-926.0,-23198.0,275.13,-22335.0
581,IVA,12/31/2019,-0.0016,56960.0,15568.0,41392.0,41392.0,40164.0,41469.0,35840.0,8378.0,-28404.0,6998.0,20541.0,-826.0,-29122.0,0.0,-30217.0
582,NTLA,12/31/2019,-0.0021,334280.0,64399.0,269881.0,269881.0,269881.0,269881.0,57226.0,76434.0,-103240.0,43103.0,47247.0,25176.0,-99533.0,0.0,-99533.0
583,XENT,12/31/2019,-0.0014,147902.0,29844.0,118058.0,118058.0,118058.0,118058.0,20652.0,19548.0,-27251.0,109142.0,31388.0,18891.0,-42994.0,0.0,-42994.0
584,ISEE,12/31/2019,-0.0014,130187.0,12984.0,117203.0,117203.0,117203.0,117203.0,125699.0,42838.0,-48490.0,0.0,42224.0,150.0,-58859.0,0.0,-58970.0
585,ITRM,12/31/2019,-0.0071,25751.0,51989.0,-26238.0,-26238.0,-26238.0,-12813.0,4891.0,-974.0,-78885.0,37.0,14518.0,40101.0,-103130.0,0.0,-102686.0
586,JAGX,12/31/2019,-0.009,36410.0,25737.0,10674.0,8962.0,-17062.0,16190.0,3883.0,21772.0,-20457.0,5775.0,4965.0,0.0,-30608.0,0.0,-38529.0
587,JAZZ,12/31/2019,0.0091,5538897.0,2427916.0,3110981.0,3110981.0,-250014.0,4718238.0,637344.0,-293745.0,776401.0,2161761.0,57550.0,-155300.0,607891.0,-31262.0,454302.0
588,JNCE,12/31/2019,0.0017,205882.0,31289.0,174593.0,174593.0,174593.0,174593.0,54511.0,4082.0,-30129.0,147872.0,34294.0,31382.0,56823.0,0.0,56869.0
589,KALA,12/31/2019,-0.0028,154323.0,124631.0,29692.0,29692.0,29692.0,100876.0,98031.0,8982.0,-92720.0,6074.0,34210.0,-1335.0,-94347.0,0.0,-94347.0
590,KALV,4/30/2020,-0.0016,92529.0,8777.0,83752.0,83752.0,83752.0,83752.0,15789.0,11584.0,-44816.0,12690.0,17749.0,16753.0,-28751.0,-1.5564,-29240.0
591,KLDO,12/31/2019,-0.0034,82306.0,33423.0,48883.0,48883.0,48883.0,69274.0,73526.0,74642.0,-75796.0,0.0,25703.0,-3586.0,-86003.0,0.0,-86331.0
592,KMDA,12/31/2019,0.0,173797.0,38478.0,135319.0,135319.0,135021.0,136065.0,42662.0,-1530.0,27571.0,127187.0,40456.0,-564.0,22886.0,-20.992,22981.0
593,KRTX,12/31/2019,-0.0037,393024.0,3108.0,389916.0,389916.0,389916.0,389916.0,209052.0,405283.0,-30923.0,0.0,11958.0,-174335.0,-43822.0,0.0,-43957.0
594,KIN,12/31/2019,-0.0016,114024.0,32103.0,81921.0,81921.0,81921.0,101186.0,15986.0,63842.0,-56342.0,4256.0,38657.0,-47816.0,-61389.0,0.0,-61389.0
595,KNSA,12/31/2019,-0.003,254534.0,29111.0,225423.0,225423.0,225423.0,225423.0,47138.0,84107.0,-158369.0,0.0,54049.0,49214.0,-161867.0,0.0,-163914.0
596,KOD,12/31/2019,-0.0013,358866.0,13507.0,345359.0,345359.0,345359.0,345359.0,211937.0,299687.0,-39146.0,0.0,37854.0,-136998.0,-47365.0,0.0,-47365.0
597,KPTI,12/31/2019,-0.0032,294963.0,245189.0,49774.0,49774.0,49774.0,159631.0,130689.0,124305.0,-190822.0,40893.0,61955.0,78450.0,-199590.0,0.0,-199550.0
598,KROS,12/31/2019,-0.0014,10955.0,5504.0,5451.0,5451.0,5451.0,5451.0,7135.0,14.0,-15998.0,10000.0,8882.0,-271.0,-12336.0,0.0,-12336.0
599,KRYS,12/31/2019,-0.0012,209023.0,6109.0,202914.0,202914.0,202914.0,202914.0,187514.0,107525.0,-18713.0,0.0,15901.0,-4968.0,-19088.0,0.0,-19088.0
600,KTOV,12/31/2019,-0.003,14718.0,3859.0,10859.0,10421.0,4249.0,10421.0,4385.0,5233.0,-5581.0,1000.0,1937.0,-449.0,-7855.0,0.0,-5677.0
601,KYMR,12/31/2019,-0.002,116702.0,191108.0,-74406.0,-74406.0,-74406.0,-74406.0,77789.0,34911.0,17905.0,2934.0,20139.0,-16486.0,-41246.0,0.0,-41246.0
602,KZR,12/31/2019,-0.0018,89513.0,11467.0,78046.0,78046.0,78046.0,78046.0,14951.0,272.0,-29877.0,0.0,19084.0,20419.0,-35087.0,0.0,-35087.0
603,LJPC,12/31/2019,-0.0043,132247.0,188237.0,-55990.0,-59896.0,-59896.0,-59896.0,88729.0,864.0,-84950.0,23054.0,27112.0,-698.0,-116508.0,0.0,-116508.0
604,LAKE,1/31/2020,0.0,99405.0,14353.0,85052.0,85052.0,84181.0,86207.0,14606.0,-688.0,3590.0,107809.0,8037.0,-1033.0,3281.0,0.0,5753.0
605,LEGN,12/31/2019,-0.001,287715.0,410584.0,-122869.0,-122869.0,-128018.0,-122869.0,83364.0,14666.0,-83065.0,57264.0,129243.0,-58652.0,-133501.0,195.48,-130370.0
606,LHCG,12/31/2019,0.0031,2140295.0,633044.0,1507251.0,1413323.0,-112205.0,1666323.0,31672.0,-40251.0,130462.0,2080241.0,31210.0,-107902.0,101782.0,-1678.0,140459.0
607,LMAT,12/31/2019,0.0,188341.0,40200.0,148141.0,148141.0,83297.0,148141.0,11786.0,-4622.0,14179.0,117232.0,20326.0,-24100.0,18101.0,-34.946,21679.0
608,LMNX,12/31/2019,0.0,543729.0,78869.0,464860.0,464860.0,250352.0,464860.0,59173.0,-10498.0,13537.0,334638.0,44148.0,-20619.0,-3838.0,0.0,-9502.0
609,LNTH,12/31/2019,0.0,405919.0,291318.0,114601.0,114601.0,91551.0,308342.0,92919.0,-78881.0,80384.0,347337.0,40113.0,-22061.0,31455.0,78.3,28627.0
610,LOGC,12/31/2019,-0.0018,55660.0,13373.0,42287.0,42287.0,42287.0,52097.0,33875.0,10069.0,-38750.0,0.0,22603.0,-18505.0,-40128.0,0.0,-40106.0
611,LQDA,12/31/2019,-0.0026,68842.0,33895.0,34948.0,34948.0,34948.0,50826.0,55796.0,66394.0,-48283.0,8072.0,18482.0,-1850.0,-47583.0,0.0,-47583.0
612,LTRN,12/31/2019,0.0,1433.0,489.292,943.284,929.268,929.268,929.268,1232.0,2921.0,-2128.0,0.0,6218.0,-5.717,-2428.0,0.0,-2428.0
613,LUMO,12/31/2019,-0.0104,96787.0,17909.0,78878.0,78878.0,78878.0,78921.0,90549.0,-59.0,-30207.0,936.0,4144.0,77.0,-42989.0,0.0,-42977.0
614,LUNA,12/31/2019,0.0,86524.0,19056.0,67469.0,67469.0,46732.0,67469.0,25006.0,-2438.0,4798.0,70516.0,31841.0,-19815.0,5055.0,106.2601,3688.0
615,LYRA,12/31/2019,-0.0027,14963.0,7635.0,7328.0,7328.0,7328.0,7328.0,10137.0,-115.0,-13754.0,0.0,6266.0,-211.0,-16306.0,0.0,-16306.0
616,MASI,12/31/2019,0.0034,1396128.0,228254.0,1167874.0,1167874.0,1118273.0,1167874.0,568075.0,-9339.0,221640.0,937837.0,57100.0,-197681.0,196741.0,-101.574,234166.0
617,MEDP,12/31/2019,0.0027,1143071.0,416788.0,726283.0,726283.0,9537.0,726283.0,131920.0,-73918.0,201867.0,860969.0,37576.0,-19144.0,100911.0,-113.295,124832.0
618,MGNX,12/31/2019,-0.0032,312501.0,81873.0,230628.0,230628.0,230628.0,230628.0,126472.0,119972.0,-134270.0,64188.0,48083.0,-79358.0,-151811.0,0.0,-151811.0
619,MGTA,12/31/2019,-0.0021,161514.0,20321.0,141193.0,141193.0,141193.0,141193.0,66851.0,62297.0,-57103.0,0.0,37015.0,1532.0,-76769.0,0.0,-76769.0
620,MGTX,12/31/2019,-0.0017,323888.0,133086.0,190802.0,190802.0,190024.0,190802.0,227357.0,148235.0,20045.0,13292.0,33162.0,-9370.0,-57946.0,0.0,-54746.0
621,MNKD,12/31/2019,0.0,93725.0,284251.0,-190526.0,-190526.0,-190526.0,-71627.0,30222.0,69864.0,-88483.0,63038.0,195584.0,-22843.0,-57345.0,0.0,-51903.0
622,MRNS,12/31/2019,-0.004,98842.0,11073.0,87769.0,59569.0,59569.0,59569.0,90943.0,67968.0,-48633.0,0.0,13628.0,3881.0,-54121.0,0.0,-54121.0
623,MACK,12/31/2019,-0.0013,20082.0,2770.0,17312.0,17312.0,17312.0,17312.0,16580.0,-42540.0,-31368.0,0.0,13353.0,69825.0,-25858.0,319.15,-22740.0
624,MESO,6/30/2020,0.0,733602.0,184276.0,549326.0,549326.0,-32275.0,638804.0,129328.0,137044.0,-56365.0,32156.0,105764.0,-3273.0,-79932.0,240.6696,-87355.0
625,MGEN,12/31/2019,-0.0013,30262.0,14508.0,15754.0,15754.0,15754.0,24058.0,24846.0,70.0,-36056.0,4461.0,31336.0,28226.0,-41873.0,0.0,-41873.0
626,MIRM,12/31/2019,-0.0046,146712.0,16363.0,130349.0,130349.0,130349.0,130349.0,11970.0,127177.0,-39362.0,0.0,11486.0,-127781.0,-52553.0,0.0,-52532.0
627,MIST,12/31/2019,-0.0035,123428.0,8511.0,114917.0,114917.0,114917.0,114917.0,119818.0,85407.0,-51152.0,0.0,15785.0,-384.0,-55229.0,0.0,-55285.0
628,MRSN,12/31/2019,0.0,107541.0,29223.0,78318.0,78318.0,78318.0,83186.0,62672.0,97704.0,-67744.0,42123.0,43492.0,-27293.0,-28208.0,0.0,-28208.0
629,MRUS,12/31/2019,-0.0023,263376.0,132076.0,131300.0,131300.0,128424.0,131300.0,197813.0,74232.0,-63048.0,31133.0,24218.0,24172.0,-56362.0,403.75,-54957.0
630,MTCR,12/31/2019,-0.0015,60281.0,138518.0,-78237.0,-78237.0,-78237.0,-69138.0,15668.0,9754.0,-27748.0,0.0,19062.0,17697.0,-28933.0,0.0,-28933.0
631,NERV,12/31/2019,-0.0019,77499.0,49719.0,27780.0,27780.0,-2290.0,27780.0,21513.0,524.999,-43432.0,0.0,39014.0,14085.0,-73568.0,43.2525,-74438.0
632,VIVO,9/30/2019,0.0,325478.0,134511.0,190967.0,190967.0,41483.0,266791.0,62397.0,15260.0,35831.0,201014.0,42899.0,-48452.0,27974.0,-1055.0,31557.0
633,MBRX,12/31/2019,0.0,25235.0,9664.0,15571.0,15571.0,4423.0,15571.0,10735.0,20854.0,-17198.0,0.0,40721.0,-51.0,-17197.0,70.2726,-13434.0
634,MNPR,12/31/2019,0.0,13352.0,724.165,12628.0,12628.0,12628.0,12628.0,13214.0,9347.0,-3018.0,0.0,9321.0,,-4225.0,0.0,-4225.0
635,MOR,12/31/2019,0.0,496439.0,101738.0,394702.0,394702.0,349904.0,394714.0,44314.0,353.239,-80139.0,71755.0,126445.0,78552.0,-103857.0,28.776,-106520.0
636,MORF,12/31/2019,-0.0027,247435.0,106517.0,140918.0,140918.0,140918.0,140918.0,101834.0,93295.0,-41651.0,16977.0,16102.0,-135986.0,-43328.0,0.0,-42416.0
637,MOTS,12/31/2019,0.0,32257.0,13929.0,18328.0,18328.0,18328.0,26082.0,20528.0,28016.0,-19915.0,107.0,25133.0,-5623.0,-23082.0,0.0,-23086.0
638,MRNA,12/31/2019,-0.0016,1589422.0,414612.0,1174810.0,1174810.0,1174810.0,1174810.0,247699.0,51121.0,-458968.0,60209.0,330802.0,-14945.0,-514344.0,0.0,-514716.0
639,MYGN,6/30/2020,-0.0027,1404600.0,486400.0,918200.0,918200.0,-14700.0,1142600.0,163700.0,-10000.0,60700.0,638600.0,74300.0,19300.0,-112871.0,-10271.0,-223300.0
640,MYOK,12/31/2019,-0.0062,456094.0,49820.0,406274.0,406274.0,406274.0,406274.0,103630.0,278295.0,-241769.0,0.0,44765.0,-181161.0,-196213.0,0.0,-276213.0
641,NBRV,12/31/2019,-0.0011,94113.0,52839.0,41274.0,41274.0,41183.0,75776.0,86411.0,56075.0,-71892.0,7748.0,74199.0,331.0,-82764.0,0.0,-82663.0
642,NSTG,12/31/2019,-0.0012,259754.0,155603.0,104151.0,104151.0,104151.0,184102.0,29033.0,109266.0,-89421.0,125568.0,34588.0,-15159.0,-76372.0,13195.0,-40427.0
643,EYE,12/31/2019,0.0,2032725.0,1256288.0,776437.0,776437.0,-298663.0,1346129.0,40307.0,-42141.0,165081.0,1724331.0,81683.0,-100631.0,50058.0,-1420.0,30489.0
644,NBIX,12/31/2019,0.0,1306040.0,669117.0,636923.0,636923.0,636923.0,1045730.0,115485.0,27313.0,152054.0,788087.0,95700.0,-211073.0,154747.0,-30315.0,46542.0
645,NEOG,5/31/2020,0.0011,797182.0,72005.0,725177.0,725177.0,548256.0,725177.0,66269.0,29405.0,85878.0,418170.0,52860.0,-88785.0,59475.0,0.0,72305.0
646,NEOS,12/31/2019,0.0,90873.0,97003.0,-6130.0,-6130.0,-18673.0,38805.0,16830.0,-9747.0,-10783.0,64649.0,49724.0,-9118.0,-16902.0,0.0,-16891.0
647,NK,12/31/2019,0.0,143123.0,22444.0,120679.0,120679.0,120679.0,120679.0,15687.0,38593.0,-61362.0,43.0,94210.0,21456.0,-65785.0,-0.008,-65886.0
648,NLTX,12/31/2019,-0.0026,147023.0,5336.0,141687.0,141687.0,141120.0,141687.0,143093.0,82237.0,-15394.0,0.0,27030.0,-688.0,-21710.0,0.0,-69442.0
649,NNOX,12/31/2019,0.0,11871.0,20649.0,-8778.0,-8778.0,-8778.0,-8778.0,8217.0,13861.0,-5524.0,0.0,30077.0,-125.0,-22563.0,0.0,-22563.0
650,NRBO,12/31/2019,-0.0041,14468.0,2176.0,12292.0,12292.0,12292.0,12292.0,13923.0,24167.0,-7039.0,0.0,5224.0,-6057.0,-20198.0,0.0,-21312.0
651,NTRA,12/31/2019,-0.0018,582656.0,303945.0,278711.0,278711.0,278711.0,402490.0,61981.0,340774.0,-63444.0,302328.0,69555.0,-266353.0,-138980.0,234.5244,-122828.0
652,NURO,12/31/2019,-0.0027,6894.0,4363.0,2530.0,2530.0,2530.0,2530.0,3126.0,15.106,-3621.0,9273.0,1401.0,-48.076,-3773.0,0.0,-3773.0
653,NCNA,12/31/2019,0.0,70268.0,6746.0,63522.0,63522.0,59562.0,63522.0,51962.0,-47.0,-23833.0,0.0,32442.0,-145.0,-20561.0,-168.3966,-25651.0
654,NGM,12/31/2019,0.0,380403.0,49684.0,330719.0,330719.0,330719.0,330719.0,247472.0,180751.0,-41174.0,103544.0,50298.0,48723.0,-42795.0,0.0,-42795.0
655,NKTX,12/31/2019,-0.0042,48412.0,73894.0,-25483.0,-25483.0,-25483.0,-25483.0,20875.0,49581.0,-18367.0,115.385,5027.0,-18296.0,-22500.0,0.0,-21076.0
656,NOVN,12/31/2019,-0.0012,29097.0,52884.0,-23787.0,-23787.0,-23862.0,-23787.0,14251.0,25816.0,-19876.0,4896.0,26254.0,-422.0,-30377.0,0.0,-30641.0
657,NRIX,11/30/2019,-0.0014,44048.0,101762.0,-57714.0,-57714.0,-57714.0,-57714.0,34986.0,126.0,601.0,31115.0,16106.0,8498.0,-21699.0,0.0,-21460.0
658,NUVA,12/31/2019,0.0012,1885290.0,970083.0,915207.0,915207.0,153051.0,1538505.0,214528.0,-6644.0,235290.0,1168070.0,53160.0,-134484.0,63618.0,379.05,80517.0
659,NVCR,12/31/2019,0.0,479448.0,261658.0,217790.0,217790.0,217790.0,367214.0,179416.0,61681.0,26620.0,351318.0,97238.0,-51667.0,-6877.0,-78.011,-8824.0
660,NVUS,12/31/2019,-0.0014,10931.0,1466.0,9465.0,9465.0,9465.0,9465.0,8791.0,9676.0,-13857.0,0.0,11799.0,0.0,-14144.0,0.0,-16011.0
661,NXTC,12/31/2019,-0.0022,356168.0,34684.0,321484.0,321484.0,321484.0,326484.0,39130.0,243043.0,-35623.0,6347.0,15695.0,-303923.0,-33737.0,0.0,-33737.0
662,STIM,12/31/2019,-0.0016,100168.0,52316.0,47852.0,47852.0,47852.0,79000.0,75708.0,2420.0,-30482.0,62656.0,18380.0,-813.0,-29044.0,0.0,-29044.0
663,OBLN,12/31/2019,-0.005,20393.0,4544.0,15849.0,15849.0,15849.0,15849.0,14055.0,13378.0,-22866.0,3281.0,4707.0,2356.0,-23676.0,0.0,-23676.0
664,OBSV,12/31/2019,-0.0025,103943.0,54988.0,48955.0,48955.0,22347.0,73872.0,69370.0,26627.0,-90611.0,0.0,43675.0,-5046.0,-108790.0,0.0,-108723.0
665,OCGN,12/31/2019,-0.0015,16807.0,5789.0,11018.0,11018.0,11018.0,12091.0,7595.0,25066.0,-16893.0,0.0,13894.0,-2357.0,-16714.0,0.0,-20243.0
666,OCUL,12/31/2019,-0.0019,78740.0,82370.0,-3630.0,-3630.0,-3630.0,45682.0,56201.0,75341.0,-77578.0,4227.0,45273.0,-2238.0,-90682.0,0.0,-86372.0
667,ODT,12/31/2019,-0.0041,188827.0,26527.0,162300.0,162300.0,162300.0,162300.0,181174.0,138677.0,-96638.0,0.0,27625.0,-166.0,-111825.0,0.0,-111825.0
668,OMER,12/31/2019,-0.0017,136969.0,245990.0,-109021.0,-109021.0,-109021.0,49192.0,3084.0,60697.0,-60073.0,111805.0,49523.0,-3401.0,-84486.0,0.0,-84486.0
669,ONTX,12/31/2019,-0.0015,23674.0,12100.0,11574.0,11574.0,11574.0,11574.0,22726.0,26648.0,-20831.0,2183.0,14384.0,-55.0,-21549.0,17.01,-21493.0
670,OPGN,12/31/2019,-0.0077,10422.0,6128.0,4293.0,4293.0,2875.0,4996.0,2894.0,12168.0,-11505.0,3499.0,1617.0,-2503.0,-11149.0,0.0,-12446.0
671,OPTN,12/31/2019,-0.0026,172650.0,111067.0,61583.0,61583.0,61583.0,136114.0,147165.0,37529.0,-90815.0,34631.0,41878.0,-557.0,-102865.0,0.0,-110053.0
672,ORTX,12/31/2019,-0.0018,399281.0,100088.0,299193.0,299193.0,299193.0,323892.0,23317.0,157453.0,-166131.0,2513.0,93240.0,-309358.0,-163422.0,0.0,-165662.0
673,KIDS,12/31/2019,0.0,194564.0,52203.0,142361.0,142361.0,97204.0,168552.0,72027.0,91019.0,-17769.0,72552.0,14624.0,-61922.0,-12685.0,0.0,-12685.0
674,OFIX,12/31/2019,-0.0015,495620.0,167989.0,327631.0,327631.0,202315.0,327631.0,70403.0,-10688.0,32033.0,459955.0,18903.0,-22924.0,3971.0,-1779.0,-27049.0
675,ORGO,12/31/2019,0.0,220687.0,165104.0,55583.0,55583.0,9247.0,138701.0,60370.0,78727.0,-33528.0,260981.0,92840.0,-6234.0,-39095.0,-502.74,-40304.0
676,ORIC,12/31/2019,-0.0014,94093.0,6119.0,87974.0,87974.0,87974.0,87974.0,89159.0,70824.0,-23533.0,0.0,19141.0,-768.0,-26883.0,0.0,-26883.0
677,OSMT,12/31/2019,-0.0052,463255.0,348547.0,114708.0,114708.0,-140133.0,382658.0,95865.0,-4691.0,33567.0,240031.0,52367.0,-4020.0,-12975.0,-25821.0,-298022.0
678,OTIC,12/31/2019,-0.0015,83018.0,42785.0,40233.0,40233.0,40233.0,55200.0,25895.0,195.0,-36925.0,600.0,30727.0,28296.0,-44675.0,0.0,-44675.0
679,OTLK,9/30/2019,-0.002,17135.0,27905.0,-10770.0,-16129.0,-16129.0,-4741.0,8016.0,39025.0,-32290.0,8146.0,18192.0,-437.307,-25933.0,-848.7446,-37935.0
680,OVID,12/31/2019,-0.0015,80844.0,10820.0,70024.0,70024.0,69557.0,70024.0,41897.0,86539.0,-51091.0,0.0,39217.0,-30041.0,-60461.0,0.0,-60461.0
681,OXFD,12/31/2019,0.0,235252.0,21561.0,213691.0,213691.0,211121.0,213723.0,181370.0,-3181.0,-7163.0,73710.0,26569.0,-1658.0,1138.0,-581.21,-3757.0
682,OYST,12/31/2019,-0.01,143209.0,5911.0,137298.0,137298.0,137298.0,137298.0,139198.0,174985.0,-40815.0,0.0,4585.0,-200.0,-45711.0,0.0,-45711.0
683,PASG,12/31/2019,-0.0019,178613.0,4261.0,174352.0,174352.0,174352.0,174352.0,158874.0,175602.0,-39896.0,0.0,23963.0,-1693.0,-36493.0,0.0,-45634.0
684,PAVM,12/31/2019,0.0,7240.0,11879.0,-4638.0,-6120.0,-6120.0,2019.0,6219.0,11382.0,-13357.0,0.0,30197.0,-27.203,-14626.0,0.0,-17268.0
685,PCRX,12/31/2019,0.0,831065.0,476121.0,354944.0,354944.0,151010.0,660989.0,78228.0,3670.0,70520.0,421026.0,41513.0,-128488.0,7402.0,-6812.0,-10748.0
686,PDCO,4/30/2020,-0.0063,2715350.0,1878906.0,836444.0,834117.0,381888.0,1421883.0,77944.0,-271229.0,-243544.0,5490011.0,94154.0,499135.0,69825.0,-1162.0,-590407.0
687,PDLI,12/31/2019,0.0,716119.0,122841.0,593278.0,593200.0,303706.0,620450.0,193451.0,-190505.0,-32443.0,54757.0,118631.0,21809.0,-33766.0,-1567.0,-73740.0
688,PDSB,12/31/2019,-0.0014,14491.0,2794.0,11698.0,11698.0,11698.0,11698.0,12162.0,750.0,-18073.0,0.0,4868.0,29382.0,-16820.0,538.7495,-7380.0
689,PETQ,12/31/2019,0.0,672728.0,344418.0,328310.0,283114.0,-67887.0,538311.0,27272.0,135059.0,20833.0,709431.0,22652.0,-195026.0,-5387.0,-1405.0,-17611.0
690,PHAS,12/31/2019,-0.0014,82494.0,22516.0,59978.0,59978.0,59978.0,74682.0,74025.0,53528.0,-39594.0,2361.0,27494.0,-960.0,-39230.0,0.0,-39247.0
691,PRFX,12/31/2019,0.0,1164.0,13407.0,-12243.0,-12243.0,-12243.0,-6070.0,947.0,1510.0,-609.0,0.0,5796.0,0.0,-1279.0,0.0,-1279.0
692,PSNL,12/31/2019,-0.0014,157291.0,50601.0,106690.0,106690.0,106690.0,106690.0,55046.0,134948.0,-18069.0,65207.0,18011.0,-81579.0,-22816.0,-838.89,-25075.0
693,DTIL,12/31/2019,-0.0022,235233.0,96919.0,138314.0,138314.0,136882.0,138314.0,180886.0,173374.0,-71015.0,22238.0,41991.0,-24666.0,-92877.0,0.0,-92877.0
694,PAHC,6/30/2020,0.0,784100.0,595896.0,188204.0,188204.0,64528.0,575211.0,36343.0,40936.0,59348.0,800354.0,40504.0,-120390.0,34051.0,-327.096,55512.0
695,PHAT,12/31/2019,-0.0224,257178.0,29223.0,227955.0,227955.0,227955.0,250732.0,243765.0,304646.0,-36510.0,0.0,11367.0,-25250.0,-79962.0,0.0,-255131.0
696,PLRX,12/31/2019,0.0,119064.0,195359.0,-76295.0,-76295.0,-76295.0,-76295.0,85807.0,45539.0,-2750.0,57052.0,16510.0,-17931.0,-631.0,0.0,-631.0
697,PLXP,12/31/2019,-0.0038,18503.0,30595.0,-12092.0,-12092.0,-14153.0,-7812.0,14001.0,12640.0,-12659.0,565.464,8916.0,-230.294,-14792.0,0.0,-20502.0
698,PMVP,12/31/2019,0.0,103033.0,173507.0,-70474.0,-70474.0,-70474.0,-70474.0,73278.0,61805.0,-22065.0,0.0,31223.0,3231.0,-25352.0,0.0,-25344.0
699,PPD,12/31/2019,0.0,5556246.0,8254394.0,-2698148.0,-2698148.0,-5354343.0,2945780.0,345187.0,-422039.0,432946.0,4031017.0,339425.0,-233228.0,72467.0,-1297.0,59275.0
700,PRAH,12/31/2019,0.0037,3544430.0,2454439.0,1089991.0,1089991.0,-1051342.0,2343969.0,236270.0,-90707.0,253567.0,3066262.0,66004.0,-73183.0,250237.0,-1861.0,305927.0
701,PSTX,12/31/2019,-0.0024,146996.0,296507.0,-149511.0,-149511.0,-155059.0,-120371.0,87784.0,164371.0,-64390.0,0.0,35930.0,-42592.0,-79844.0,0.0,-86527.0
702,PYPD,12/31/2019,-0.0011,33765.0,2830.0,30935.0,30935.0,30935.0,30935.0,4498.0,37653.0,-17358.0,0.0,11815.0,-23564.0,-18515.0,0.0,-6905.0
703,PGNY,12/31/2019,0.0,150434.0,36163.0,114271.0,114271.0,100016.0,114271.0,80382.0,84545.0,-1534.0,229683.0,20735.0,-2756.0,4699.0,-4908.0,-8557.0
704,PRLD,12/31/2019,0.0,21871.0,71283.0,-49412.0,-49412.0,-49412.0,-49412.0,18879.0,29729.0,-25665.0,0.0,32106.0,-780.0,-27570.0,0.0,-27570.0
705,PROG,12/31/2019,-0.0055,101727.0,185601.0,-83874.0,-83874.0,-94864.0,-11586.0,33042.0,73636.0,-106124.0,143985.0,26961.0,16525.0,-148037.0,0.0,-148743.0
706,PRQR,12/31/2019,-0.0014,117535.0,23702.0,93833.0,94329.0,94329.0,107381.0,111950.0,50199.0,-43970.0,0.0,41037.0,-580.0,-57021.0,180.5,-56614.0
707,PRVB,12/31/2019,-0.0011,85996.0,3840.0,82156.0,82156.0,82156.0,82156.0,39165.0,62941.0,-36065.0,0.0,40747.0,-46250.0,-43285.0,0.0,-43285.0
708,PRVL,12/31/2019,-0.0022,187102.0,21760.0,165342.0,165342.0,165342.0,165342.0,168142.0,162927.0,-55754.0,0.0,28495.0,-2136.0,-63188.0,0.0,-63188.0
709,PTCT,12/31/2019,-0.0043,1623782.0,1029452.0,594330.0,594330.0,-198511.0,908189.0,295528.0,613209.0,-98639.0,306980.0,58863.0,-387237.0,-216273.0,-13057.0,-239926.0
710,PTGX,12/31/2019,-0.003,154917.0,74953.0,79964.0,79964.0,79964.0,89758.0,33466.0,46036.0,-41527.0,231.0,25894.0,-53710.0,-77187.0,0.0,-77878.0
711,PTI,12/31/2019,-0.0012,84724.0,22346.0,62378.0,62378.0,62378.0,62378.0,25836.0,3355.0,-53222.0,5000.0,51140.0,46065.0,-59125.0,0.0,-59125.0
712,TARA,12/31/2019,-0.0026,6975.0,583.0,6392.0,-12071.0,-12071.0,-12071.0,6231.0,0.0,-15646.0,0.0,5844.0,2484.0,-15254.0,0.0,-14992.0
713,PLSE,12/31/2019,-0.0023,41915.0,11178.0,30737.0,30737.0,23399.0,30737.0,6899.0,82.0,-34185.0,0.0,20746.0,-10101.0,-46971.0,0.0,-46971.0
714,PULM,12/31/2019,-0.0012,36098.0,25079.0,11019.0,11019.0,7442.0,11019.0,23644.0,17705.0,3230.0,7910.0,16734.0,-58.0,-13328.0,0.0,-20596.0
715,QTNT,3/31/2020,-0.0014,226463.0,231990.0,-5527.0,-5527.0,-6152.0,147497.0,12940.0,114575.0,-80646.0,32656.0,71610.0,-30188.0,-102773.0,0.0,-102112.0
716,RAPT,12/31/2019,-0.0099,84602.0,11481.0,73121.0,73121.0,73121.0,73121.0,77383.0,49902.0,-35474.0,0.0,4346.0,-843.0,-42997.0,0.0,-42337.0
717,RDUS,12/31/2019,-0.0029,219151.0,261430.0,-42279.0,-42279.0,-48862.0,153312.0,70453.0,5709.0,-82414.0,173317.0,46026.0,87277.0,-132993.0,0.0,-132993.0
718,REGN,12/31/2019,0.0185,14805200.0,3715500.0,11089700.0,11089700.0,11089700.0,11089700.0,1630300.0,-252100.0,2430000.0,7863400.0,114600.0,-2027800.0,2115800.0,0.0,2429100.0
719,REPH,12/31/2019,0.0,110459.0,117171.0,-6712.0,-6712.0,-14314.0,103607.0,19148.0,15991.0,-25497.0,99219.0,23609.0,-9860.0,6741.0,0.0,4625.0
720,RETA,12/31/2019,-0.0095,682420.0,425563.0,256857.0,256857.0,256857.0,411874.0,664324.0,580358.0,-251151.0,26517.0,30414.0,-2673.0,-290170.0,0.0,-290162.0
721,RGNX,12/31/2019,-0.0026,497908.0,47711.0,450197.0,450197.0,450197.0,450197.0,70844.0,8376.0,-107705.0,35233.0,36690.0,93559.0,-141920.0,1372.0,-97488.0
722,REPL,3/31/2020,-0.0015,234097.0,50379.0,183718.0,183718.0,183718.0,193519.0,61136.0,100166.0,-60552.0,0.0,34262.0,-5233.0,-55049.0,0.0,-52625.0
723,RGEN,12/31/2019,0.0,1400113.0,340345.0,1059768.0,1059768.0,378803.0,1292535.0,537407.0,484867.0,67216.0,270245.0,49206.0,-205308.0,21678.0,-59.006,26151.0
724,RGLS,12/31/2019,-0.0011,42081.0,22066.0,20015.0,20011.0,19745.0,34642.0,34121.0,39933.0,-19821.0,6832.0,17260.0,74.0,-18592.0,0.0,-18591.0
725,RLAY,12/31/2019,-0.0012,393068.0,573506.0,-180438.0,-180438.0,-180438.0,-180438.0,42832.0,5606.0,-66133.0,0.0,65429.0,-319024.0,-75305.0,0.0,-75305.0
726,RNLX,6/30/2019,0.0,28922.0,755.0,28167.0,28167.0,9880.0,28167.0,9288.0,26249.0,-3994.0,0.0,18666.0,-13049.0,-5559.0,0.0,-6518.0
727,RPTX,12/31/2019,-0.0016,102695.0,148824.0,-46129.0,-46129.0,-46129.0,-46129.0,95005.0,103243.0,-18429.0,0.0,15791.0,-1304.0,-27739.0,188.68,-27021.0
728,RVMD,12/31/2019,-0.0012,220529.0,67994.0,152535.0,-152574.0,-229195.0,-152574.0,16873.0,98658.0,-49616.0,50041.0,52902.0,-101969.0,-47664.0,0.0,-52037.0
729,RVNC,12/31/2019,-0.0037,340287.0,114797.0,225490.0,225490.0,225490.0,225490.0,171890.0,221657.0,-106161.0,413.0,43461.0,-17592.0,-159230.0,0.0,-159429.0
730,RWLK,12/31/2019,-0.0027,24372.0,13592.0,10780.0,10780.0,10780.0,17745.0,16992.0,21482.0,-14815.0,4873.0,5763.0,-22.0,-15577.0,7.82,-15544.0
731,RYTM,12/31/2019,-0.0039,308523.0,27503.0,281020.0,281020.0,281020.0,281020.0,62697.0,163474.0,-122750.0,0.0,36422.0,-27970.0,-140729.0,0.0,-140729.0
732,RCKT,12/31/2019,-0.0016,372121.0,64824.0,307297.0,307297.0,276256.0,352346.0,186908.0,177791.0,-64663.0,0.0,49010.0,-39011.0,-77270.0,0.0,-77270.0
733,RIGL,12/31/2019,0.0,147569.0,93754.0,53815.0,53815.0,53815.0,63625.0,22521.0,11365.0,-41510.0,59288.0,167400.0,-23656.0,-66894.0,0.0,-66894.0
734,RMTI,12/31/2019,0.0,44316.0,23997.0,20320.0,20320.0,19399.0,21083.0,11795.0,21085.0,-27255.0,61303.0,60919.0,-4750.0,-33728.0,0.0,-34128.0
735,RPRX,12/31/2019,0.0034,12449895.0,6308457.0,6141438.0,6105555.0,6053831.0,12343677.0,283682.0,-1191626.0,1667239.0,1794612.0,354176.0,-2116142.0,2231924.0,0.0,2461419.0
736,RUBY,12/31/2019,-0.0021,394841.0,120628.0,274213.0,274213.0,274213.0,323809.0,93633.0,27291.0,-110444.0,0.0,78689.0,-132635.0,-163458.0,0.0,-163458.0
737,SAGE,12/31/2019,-0.0134,1084150.0,139495.0,944655.0,944655.0,944655.0,944655.0,129072.0,607624.0,-528706.0,6868.0,50834.0,-143156.0,-680238.0,0.0,-680238.0
738,SGMO,12/31/2019,0.0,637516.0,204777.0,432739.0,432554.0,340125.0,432554.0,81928.0,142029.0,-144402.0,102428.0,112114.0,-59801.0,-95186.0,0.0,-95419.0
739,SLRX,12/31/2019,-0.0021,13894.0,3314.0,10581.0,10581.0,1715.0,11083.0,3739.0,3579.0,-11580.0,3465.0,3269.0,5608.0,-8249.0,0.0,-6938.0
740,SRRK,12/31/2019,-0.0019,196381.0,83480.0,112901.0,112901.0,112901.0,112901.0,38806.0,48883.0,-63115.0,20492.0,27538.0,-62236.0,-51000.0,0.0,-51000.0
741,STSA,12/31/2019,-0.0048,126276.0,10941.0,115335.0,115335.0,115335.0,120265.0,22755.0,143063.0,-29637.0,0.0,5864.0,-95876.0,-28175.0,0.0,-28175.0
742,EYES,12/31/2019,-0.0182,16599.0,9324.0,7275.0,7275.0,7275.0,7275.0,11327.0,34989.0,-27629.0,3379.0,1839.0,-493.0,-30235.0,0.0,-33592.0
743,MCRB,12/31/2019,-0.0012,132440.0,180764.0,-48324.0,-48324.0,-48324.0,-23676.0,65126.0,86231.0,-76520.0,34505.0,56649.0,-30518.0,-68787.0,0.0,-70279.0
744,SCPH,12/31/2019,-0.0018,77283.0,25918.0,51365.0,51365.0,51365.0,70280.0,72806.0,13588.0,-30442.0,0.0,18601.0,0.0,-32996.0,0.0,-32996.0
745,SCYX,12/31/2019,-0.0096,57153.0,44258.0,12895.0,12895.0,12895.0,24417.0,42193.0,42305.0,-38119.0,121.0,5608.0,26240.0,-49735.0,0.0,-53710.0
746,SDGR,12/31/2019,0.0,155270.0,248593.0,-93323.0,-93364.0,-93364.0,-93364.0,26486.0,28684.0,-26059.0,85543.0,59565.0,-53855.0,-24571.0,0.0,-25972.0
747,SELB,12/31/2019,-0.0012,99569.0,91172.0,8397.0,8397.0,8397.0,27302.0,91551.0,105041.0,-51435.0,6677.0,45549.0,229.0,-55280.0,0.0,-55350.0
748,SESN,12/31/2019,-0.0012,114365.0,141065.0,-26700.0,-26700.0,-86164.0,-26700.0,48141.0,35356.0,-37521.0,0.0,90929.0,-136.0,-35880.0,0.0,-107500.0
749,SGEN,12/31/2019,0.0,2205866.0,329579.0,1876287.0,1876287.0,1301616.0,1876287.0,274562.0,637842.0,-163737.0,916713.0,165498.0,-277729.0,-220545.0,0.0,-158650.0
750,SRTS,12/31/2019,0.0,36925.0,8923.0,28001.0,28001.0,27664.0,28001.0,8100.0,2620.0,-2107.0,27263.0,16324.0,-4898.0,-1700.0,0.0,-1700.0
751,SWAV,12/31/2019,-0.0021,231938.0,39285.0,192653.0,192653.0,192653.0,206472.0,140495.0,208052.0,-48107.0,42927.0,23905.0,-59543.0,-50664.0,-164.43,-51047.0
752,SDC,12/31/2019,-0.0011,885645.0,427360.0,458285.0,333119.0,326474.0,541645.0,318458.0,444082.0,-333192.0,750428.0,381917.0,-106361.0,-92852.0,-8011.0,-535537.0
753,SIBN,12/31/2019,-0.0016,117009.0,54001.0,63008.0,63008.0,63008.0,102231.0,10435.0,3488.0,-31627.0,67301.0,24706.0,13491.0,-38403.0,0.0,-38403.0
754,SIEN,12/31/2019,-0.0026,204404.0,122522.0,81882.0,81882.0,55290.0,126638.0,87951.0,109756.0,-87033.0,83699.0,40654.0,-22014.0,-96775.0,-3714.0,-106784.0
755,SILK,12/31/2019,-0.0023,137402.0,65511.0,71891.0,71891.0,71891.0,116770.0,39491.0,113757.0,-29610.0,63354.0,22957.0,-69956.0,-52415.0,0.0,-52415.0
756,SINT,12/31/2019,-0.0057,9147.0,3945.0,5202.0,5202.0,5161.0,5220.0,1787.0,1394.0,-6435.0,689.0,1556.0,1381.0,-6100.0,0.0,-4797.0
757,SLDB,12/31/2019,-0.0029,103471.0,23423.0,80048.0,80048.0,80048.0,80048.0,76370.0,57875.0,-92714.0,0.0,40289.0,24516.0,-117223.0,0.0,-117223.0
758,SLGL,12/31/2019,-0.0013,61301.0,8836.0,52465.0,52465.0,52465.0,52465.0,9762.0,10613.0,-22500.0,22904.0,19535.0,16024.0,-24609.0,0.0,-24576.0
759,SLNO,12/31/2019,0.0,38172.0,23225.0,14947.0,14947.0,-1578.0,14947.0,20733.0,14481.0,-17375.0,0.0,34142.0,528.0,-23521.0,0.0,-30774.0
760,SOLY,12/31/2019,-0.001,13141.0,2868.0,10273.0,10273.0,10176.0,10273.0,12076.0,23391.0,-10605.0,0.0,13842.0,-842.51,-13752.0,0.0,-13752.0
761,SRRA,12/31/2019,-0.0303,151328.0,64983.0,86345.0,86344.0,86344.0,86344.0,147828.0,92738.0,-51183.0,0.0,2913.0,-39.0,-67391.0,-41.852,-88435.0
762,MITO,12/31/2019,-0.0023,52743.0,35476.0,17267.0,17267.0,17267.0,33509.0,50768.0,88027.0,-47984.0,21087.0,31306.0,-130.0,-51510.0,0.0,-71728.0
763,SBBP,12/31/2019,-0.0011,117638.0,45447.0,72191.0,72191.0,39825.0,72191.0,57032.0,87.0,-44784.0,21712.0,55383.0,-20761.0,-55392.0,2197.0,-47683.0
764,SBPH,12/31/2019,-0.0015,63197.0,27671.0,35526.0,35526.0,35526.0,54596.0,28943.0,19542.0,-29055.0,0.0,16454.0,23498.0,-32309.0,0.0,-24097.0
765,SMMT,1/31/2019,0.0,59767.0,17225.0,42542.0,42542.0,30124.0,42542.0,26858.0,33437.0,-26795.0,43012.0,85702.0,-313.0,15003.0,-1291.0,5031.0
766,SNSS,12/31/2019,-0.0027,37240.0,9697.0,27543.0,15774.0,15774.0,21239.0,18261.0,43035.0,-22185.0,2073.0,8713.0,-16285.0,-23330.0,0.0,-23330.0
767,SPRO,12/31/2019,-0.0034,106103.0,31529.0,74574.0,74574.0,74574.0,74574.0,29730.0,16140.0,-50020.0,18147.0,18161.0,29530.0,-61148.0,0.0,-60925.0
768,STOK,12/31/2019,-0.0018,228750.0,4322.0,224428.0,224428.0,224428.0,224428.0,222676.0,149762.0,-31055.0,0.0,17971.0,-1634.0,-32325.0,0.0,-32325.0
769,SUPN,12/31/2019,0.0021,1160282.0,564854.0,595428.0,595428.0,570588.0,940598.0,181381.0,3928.0,143129.0,392755.0,53817.0,-157924.0,113056.0,0.0,147487.0
770,SURF,12/31/2019,-0.002,131693.0,75027.0,56666.0,56666.0,56666.0,61775.0,48350.0,7415.0,-60140.0,15360.0,27855.0,16965.0,-54789.0,0.0,-54789.0
771,SWTX,12/31/2019,-0.0038,334831.0,12759.0,322072.0,322072.0,322072.0,322072.0,328192.0,333708.0,-47444.0,0.0,13275.0,-4260.0,-58306.0,0.0,-58306.0
772,SGRY,12/31/2019,-0.0023,5018900.0,3640500.0,1378400.0,691800.0,-2757900.0,3272500.0,93000.0,-135900.0,129500.0,1831400.0,48280.0,-85200.0,-46386.0,-5986.0,54600.0
773,SNDX,12/31/2019,-0.0018,63525.0,31925.0,31600.0,31600.0,31600.0,31600.0,24724.0,28570.0,-50612.0,1517.0,30491.0,12781.0,-56047.0,0.0,-56047.0
774,SRDX,9/30/2019,0.0,159865.0,37349.0,122516.0,122516.0,82119.0,122516.0,30361.0,-11029.0,8038.0,100077.0,13779.0,9754.0,7082.0,2.048,7558.0
775,STRO,12/31/2019,-0.0024,156370.0,58581.0,97789.0,97789.0,97789.0,107665.0,4975.0,-4184.0,-65023.0,42736.0,22959.0,-51131.0,-55744.0,0.0,-55744.0
776,SYBX,12/31/2019,-0.0017,188574.0,31669.0,156905.0,156905.0,156905.0,156905.0,27281.0,79604.0,-75468.0,2224.0,30284.0,10796.0,-51373.0,0.0,-51373.0
777,SYNH,12/31/2019,0.0013,7453795.0,4424141.0,3029654.0,3029654.0,-2293807.0,5638174.0,163689.0,-215469.0,318481.0,4675815.0,105005.0,-81661.0,215963.0,-31329.0,101709.0
778,SYRS,12/31/2019,-0.0019,149978.0,70794.0,79184.0,79184.0,79184.0,79184.0,44817.0,65990.0,-60253.0,1982.0,40222.0,-11734.0,-75438.0,0.0,-75438.0
779,TCMD,12/31/2019,0.0,151752.0,39157.0,112595.0,112595.0,107283.0,112595.0,22770.0,2496.0,2510.0,189492.0,19641.0,-2335.0,10971.0,0.0,11129.0
780,TLC,12/31/2019,-0.0245,1385978.0,664068.0,721910.0,721910.0,720108.0,1138563.0,1023874.0,744008.0,-777562.0,209140.0,32937.0,252191.0,-819134.0,2903.0,-803402.0
781,TTOO,12/31/2019,-0.0013,28486.0,62491.0,-34005.0,-34005.0,-34005.0,8897.0,11213.0,6350.0,-45361.0,8335.0,45508.0,-761.0,-59006.0,0.0,-59006.0
782,ENSG,12/31/2019,0.002,2361909.0,1705765.0,656144.0,654197.0,593278.0,982116.0,59175.0,82884.0,192223.0,2036524.0,55981.0,-247015.0,91061.0,0.0,116167.0
783,TBIO,12/31/2019,-0.0022,336201.0,182665.0,153536.0,153536.0,46641.0,153536.0,85530.0,129654.0,-82162.0,7804.0,51446.0,-18186.0,-94795.0,-74.288,-113779.0
784,TCON,12/31/2019,-0.0075,18121.0,15423.0,2698.0,2698.0,2698.0,8041.0,16412.0,906.0,-23650.0,0.0,3034.0,14020.0,-22674.0,0.0,-22674.0
785,TCRR,12/31/2019,-0.0046,168528.0,8079.0,160449.0,160449.0,160449.0,160449.0,65713.0,79523.0,-41359.0,0.0,21104.0,-20415.0,-47599.0,0.0,-47497.0
786,TELA,12/31/2019,-0.0171,67922.0,36960.0,30962.0,30962.0,28051.0,61205.0,45302.0,65532.0,-25523.0,15446.0,1766.0,-11981.0,-22420.0,0.0,-22425.0
787,TFFP,12/31/2019,-0.0053,29187.0,1543.0,27645.0,27645.0,27645.0,27645.0,28095.0,29049.0,-11216.0,0.0,6905.0,0.0,-11870.0,0.0,-11870.0
788,TLSA,12/31/2019,0.0,1808.0,5988.0,-4180.0,-4180.0,-4180.0,-4180.0,153.0,1316.0,-5325.0,0.0,63777.0,-3.0,-7306.0,0.0,-7846.0
789,TNDM,12/31/2019,0.0,326110.0,131131.0,194979.0,194979.0,194202.0,194979.0,51174.0,24207.0,41905.0,362305.0,58507.0,-56955.0,-16668.0,-2990.0,-24604.0
790,TSHA,12/31/2019,,15.0,150.0,-135.0,-135.0,-135.0,-135.0,,,,,,,,,
791,TZAC,2/29/2020,0.0,61022.0,3263.0,57758.0,57758.0,57758.0,58508.0,69.276,-5519.0,-426.591,0.0,2610.0,5702.0,604.2462,5.0512,617.903
792,QURE,12/31/2019,-0.0031,448630.0,125572.0,323058.0,323058.0,317135.0,359120.0,380726.0,248821.0,-98684.0,7281.0,39999.0,-6647.0,-121403.0,0.0,-124201.0
793,RARE,12/31/2019,-0.0071,1135496.0,481732.0,653764.0,653764.0,480358.0,653764.0,436244.0,679306.0,-345383.0,103714.0,56577.0,-13039.0,-412518.0,3622.0,-399444.0
794,TCDA,12/31/2019,-0.0037,371826.0,107943.0,263883.0,263883.0,263883.0,322257.0,18574.0,238490.0,-129590.0,0.0,47521.0,-127498.0,-176813.0,0.0,-176905.0
795,TMDX,12/31/2019,-0.0024,105299.0,50650.0,54649.0,54649.0,54649.0,88795.0,20592.0,92723.0,-32286.0,23604.0,14205.0,-60501.0,-33206.0,-0.341,-33507.0
796,TPTX,12/31/2019,-0.003,422202.0,17851.0,404351.0,404351.0,404351.0,404351.0,48188.0,365995.0,-57757.0,0.0,24125.0,-361079.0,-72131.0,0.0,-72131.0
797,TRIB,12/31/2019,-0.0014,131071.0,126358.0,4713.0,4713.0,-38941.0,86734.0,16400.0,-7529.0,5417.0,90435.0,25468.0,-11853.0,-5512.0,-816.312,-29997.0
798,TRVI,12/31/2019,-0.0015,60001.0,5456.0,54545.0,54545.0,54545.0,54545.0,57313.0,73213.0,-23093.0,0.0,17835.0,-9.0,-26050.0,0.0,-26068.0
799,TRVN,12/31/2019,0.0,46994.0,16916.0,30078.0,30078.0,30078.0,35115.0,33614.0,-2497.0,-23667.0,31.0,91678.0,25583.0,-24731.0,0.0,-24871.0
800,TWST,9/30/2019,-0.0039,186994.0,34912.0,152082.0,152082.0,150436.0,159815.0,47398.0,158578.0,-87937.0,54385.0,27462.0,-104810.0,-107669.0,0.0,-107377.0
801,UFPT,12/31/2019,0.0026,188758.0,26767.0,161991.0,161991.0,89178.0,161991.0,3743.0,-24950.0,31229.0,198381.0,7516.0,-5774.0,19750.0,0.0,23646.0
802,PCVX,12/31/2019,-0.0026,65698.0,172071.0,-106373.0,-106373.0,-106373.0,-106373.0,58976.0,41567.0,-47145.0,0.0,20860.0,-1195.0,-50139.0,0.0,-50274.0
803,UBX,12/31/2019,-0.0019,151221.0,30514.0,120707.0,120707.0,120707.0,120707.0,38919.0,27438.0,-72421.0,0.0,43625.0,67953.0,-82177.0,0.0,-82177.0
804,UMRX,12/31/2019,-0.001,49423.0,17661.0,31762.0,31762.0,31762.0,31762.0,38679.0,108.0,-41514.0,22499.0,30480.0,23159.0,-31833.0,0.0,-31833.0
805,URGN,12/31/2019,-0.0051,202388.0,22086.0,180302.0,180302.0,180302.0,180302.0,50211.0,165250.0,-71017.0,18.0,20529.0,-145593.0,-105146.0,0.0,-105146.0
806,UROV,3/31/2020,-0.0048,63295.0,121301.0,-58006.0,-58006.0,-58006.0,29246.0,52280.0,68937.0,-102084.0,0.0,30417.0,-769.0,-143239.0,-822.51,-146680.0
807,UTHR,12/31/2019,-0.0024,3913400.0,1133000.0,2780400.0,2780400.0,2622100.0,3630400.0,738400.0,611200.0,-206600.0,1448800.0,43800.0,-335400.0,-104500.0,0.0,-165000.0
808,VBLT,12/31/2019,0.0,48621.0,12781.0,35840.0,35840.0,35840.0,35840.0,9436.0,-757.0,-12697.0,562.0,35881.0,-6600.0,-19457.0,0.0,-19457.0
809,VCNX,12/31/2019,-0.0025,4604.0,6878.0,-2274.0,-26237.0,-26237.0,-26237.0,2776.0,13800.0,-30715.0,523.0,12881.0,14073.0,-31863.0,0.0,-31863.0
810,VERO,12/31/2019,-0.0048,191127.0,114449.0,76678.0,74178.0,24390.0,143196.0,15749.0,42202.0,-39595.0,110406.0,8517.0,6384.0,-31636.0,-3322.0,-40438.0
811,VNDA,12/31/2019,0.0021,483748.0,72803.0,410945.0,410945.0,387908.0,410945.0,45650.0,6264.0,45947.0,227188.0,54847.0,-68309.0,115553.0,0.0,29028.0
812,VCYT,12/31/2019,0.0,275212.0,35757.0,239455.0,239455.0,171711.0,240149.0,159920.0,127287.0,-3232.0,120368.0,46138.0,-42733.0,-12599.0,0.0,-12599.0
813,VIE,12/31/2019,-0.007,384054.0,29543.0,354511.0,354511.0,354511.0,354511.0,200851.0,325448.0,-105049.0,50000.0,12309.0,-146446.0,-86429.0,0.0,-86429.0
814,VIR,12/31/2019,-0.0058,512071.0,88129.0,423942.0,423942.0,371311.0,423942.0,122816.0,449244.0,-129632.0,8091.0,30350.0,-256158.0,-174683.0,0.0,-174529.0
815,VKTX,12/31/2019,0.0,284256.0,7137.0,277119.0,277119.0,277119.0,277119.0,8377.0,887.0,-24752.0,0.0,71959.0,7463.0,-25783.0,0.0,-25779.0
816,VRCA,12/31/2019,-0.0011,68424.0,3409.0,65015.0,65015.0,65015.0,65015.0,9241.0,423.0,-27408.0,0.0,24898.0,25955.0,-28207.0,0.0,-28207.0
817,VRNA,12/31/2019,-0.0024,45135.0,11270.0,33865.0,33865.0,30667.0,33865.0,22934.0,-426.0,-33820.0,0.0,13166.0,37799.0,-33242.0,295.9293,-39206.0
818,VRTX,12/31/2019,0.0045,8318465.0,2233221.0,6085244.0,6085244.0,4683086.0,6085244.0,3120681.0,126773.0,1569330.0,4162821.0,260673.0,-1235318.0,1180572.0,-697.2075,1394919.0
819,VSTM,12/31/2019,-0.002,145046.0,137872.0,7174.0,7174.0,-12834.0,110797.0,79262.0,-2441.0,-138518.0,17456.0,74578.0,89613.0,-149209.0,0.0,-149209.0
820,VTVT,12/31/2019,0.0,9266.0,58289.0,-49023.0,-49023.0,-49023.0,-42851.0,4277.0,22870.0,-23018.0,2764.0,30292.0,242.0,-13044.0,0.0,-21838.0
821,VYGR,12/31/2019,-0.0012,354760.0,255248.0,99512.0,99512.0,99512.0,99512.0,86777.0,80994.0,48666.0,104391.0,35898.0,-90477.0,-43597.0,0.0,-43597.0
822,VYNE,12/31/2019,-0.0031,79169.0,10661.0,68508.0,68508.0,68508.0,68508.0,30777.0,4994.0,-65101.0,0.0,23819.0,41374.0,-73703.0,0.0,-73703.0
823,WMGI,12/31/2019,0.0,2585640.0,1693847.0,891793.0,891793.0,-626556.0,2059822.0,166856.0,37406.0,41607.0,920900.0,126601.0,-103246.0,-92134.0,0.0,-79166.0
824,WVE,12/31/2019,-0.0057,284250.0,220518.0,63732.0,63732.0,63732.0,63732.0,150808.0,164399.0,-188231.0,15983.0,33866.0,-3918.0,-198550.0,0.0,-193638.0
825,XBIT,12/31/2019,0.0144,816877.0,61246.0,755631.0,755631.0,755631.0,755631.0,714594.0,42096.0,-18270.0,0.0,46319.0,674796.0,669455.0,-61.5819,718453.0
826,XENE,12/31/2019,-0.0015,147697.0,55720.0,91977.0,84245.0,84245.0,99784.0,24755.0,27518.0,-4632.0,6829.0,25939.0,-66291.0,-41877.0,0.1558,-41618.0
827,XERS,12/31/2019,-0.0048,108987.0,94551.0,14436.0,14436.0,14436.0,72741.0,19519.0,80530.0,-104346.0,2722.0,26110.0,-2383.0,-126269.0,2.5146,-126038.0
828,XFOR,12/31/2019,-0.0046,160698.0,31478.0,129220.0,129220.0,102111.0,149317.0,128086.0,140661.0,-48055.0,0.0,11530.0,27232.0,-52136.0,0.0,-52807.0
829,XNCR,12/31/2019,0.0,670250.0,77049.0,593201.0,593201.0,578780.0,593201.0,50312.0,10662.0,64374.0,156700.0,58468.0,-50970.0,26875.0,0.0,27187.0
830,XOMA,12/31/2019,0.0,95724.0,51736.0,43988.0,43988.0,43988.0,76265.0,56688.0,30493.0,-285.0,18370.0,8763.0,-19300.0,-2271.0,0.0,-1982.0
831,YMAB,12/31/2019,-0.0023,216366.0,17463.0,198903.0,198903.0,198903.0,198903.0,207136.0,134704.0,-73497.0,0.0,35183.0,-1965.0,-81028.0,0.0,-81028.0
832,BCOW,12/31/2019,0.0,428009.0,369344.0,58665.0,58665.0,56493.0,76288.0,11707.0,-55213.0,946.0,15530.0,4704.0,58051.0,387.68,22.68,440.0
833,JFU,12/31/2019,0.0101,8880364.0,2552536.0,6327828.0,6280783.0,6135083.0,6280783.0,4809440.0,471978.0,-429047.0,4424963.0,193856.0,-707611.0,-2016294.0,-11616.0,-2328242.0
834,PIH,12/31/2019,0.0,63454.0,539.0,62915.0,45415.0,45415.0,45415.0,28509.0,-1439.0,-20638.0,5597.0,6019.0,19684.0,2383.0,0.0,3121.0
835,QFIN,12/31/2019,0.0166,20355601.0,13140871.0,7214730.0,7213442.0,7209930.0,7413442.0,3835850.0,7707858.0,2973075.0,6990164.0,150469.0,-8860441.0,2501595.0,0.0,2967287.0
836,ZEAL,12/31/2019,-0.0169,1599514.0,356841.0,1242673.0,1242673.0,1240193.0,1242673.0,1081060.0,674480.0,-409455.0,41333.0,33802.0,-51666.0,-580701.0,82.3111,-576677.0
837,ZGNX,12/31/2019,-0.0097,414250.0,169191.0,245059.0,245059.0,136325.0,245059.0,62070.0,32014.0,-111519.0,3648.0,43070.0,73121.0,-162610.0,0.0,-419503.0
838,ZLAB,12/31/2019,-0.003,355153.0,60493.0,294660.0,294660.0,285857.0,301110.0,76442.0,219302.0,-191011.0,12985.0,64369.0,-14892.0,-195071.0,0.0,-194319.0
839,ZNTL,12/31/2019,-0.0025,102657.0,19060.0,83597.0,76776.0,64240.0,76776.0,67489.0,81830.0,-39143.0,0.0,18058.0,-352.0,-45663.0,0.0,-46363.0
840,ZSAN,12/31/2019,-0.0023,37670.0,28278.0,9392.0,9392.0,9392.0,20041.0,6771.0,29829.0,-34817.0,0.0,16384.0,2164.0,-37589.0,0.0,-37589.0
841,ZYNE,12/31/2019,-0.0015,87765.0,12168.0,75597.0,75597.0,75597.0,75597.0,70063.0,45247.0,-34818.0,0.0,22000.0,-129.39,-32798.0,0.0,-32944.0
842,ABCB,12/31/2019,0.0028,18242579.0,15772997.0,2469582.0,2469582.0,1446359.0,3995851.0,621849.0,1369620.0,-940211.0,699197.0,58614.0,-487087.0,217220.0,-17326.0,211584.0
843,ABTX,12/31/2019,0.0025,4992654.0,4282789.0,709865.0,709865.0,464347.0,893167.0,346248.0,243948.0,66867.0,192960.0,21424.0,-233514.0,53996.0,-262.6,66386.0
844,ACAM,12/31/2019,0.0,311658.0,10910.0,300748.0,300748.0,300748.0,300748.0,1601.0,307953.0,-2055.0,0.0,38081.0,-304309.0,3478.0,0.0,4599.0
845,AGBA,12/31/2019,0.0,47559.0,1581.0,45978.0,45978.0,45978.0,45978.0,929.335,47284.0,-355.147,0.0,1914.0,-46000.0,167.3167,0.0307,167.472
846,AGFS,12/31/2019,-0.0012,805692.0,471662.0,334030.0,326445.0,-311247.0,729184.0,29817.0,-22047.0,20059.0,170065.0,50124.0,-4426.0,-48929.0,-3318.0,-78653.0
847,ALAC,12/31/2019,0.0,119531.0,5983.0,113548.0,113548.0,113548.0,115496.0,477.154,1649.0,-475.255,0.0,4098.0,-1149.0,2090.0,0.0,2090.0
848,ALRS,12/31/2019,0.0019,2356878.0,2071150.0,285728.0,285728.0,236163.0,343857.0,144006.0,149701.0,19248.0,185892.0,15093.0,-65594.0,29540.0,0.0,38896.0
849,ALTA,12/31/2019,0.0023,2406334.0,2073972.0,332362.0,332362.0,303719.0,297418.0,211981.0,170683.0,54760.0,125099.0,19017.0,-62009.0,44324.0,0.0,57827.0
850,AMCI,12/31/2019,0.0,226011.0,9002.0,217008.0,217008.0,217008.0,217008.0,520.422,0.0,-630.914,0.0,6696.0,265.057,-508.4762,1257.0,3942.0
851,AMSF,12/31/2019,0.0048,1492906.0,1062691.0,430215.0,430215.0,430215.0,430215.0,43813.0,-87043.0,78824.0,370370.0,19329.0,11688.0,92690.0,0.0,115517.0
852,AMHC,12/31/2019,,101694.0,3611.0,98082.0,98082.0,98082.0,98082.0,,,,,,,,,
853,ANDA,12/31/2019,0.0,110510.0,5.723,110504.0,110504.0,110504.0,110504.0,352.524,108752.0,-399.103,0.0,3446.0,-108000.0,1754.0,4.1012,1762.0
854,APXT,12/31/2019,,352988.0,13768.0,339219.0,339219.0,339219.0,339219.0,,,,,,,,,
855,ATLC,12/31/2019,0.0017,936266.0,895931.0,40335.0,906.0,906.0,778126.0,176394.0,368720.0,99963.0,355261.0,15273.0,-433689.0,26443.0,0.0,31763.0
856,BANF,12/31/2019,0.0041,8565758.0,7560769.0,1004989.0,1004989.0,833777.0,1031793.0,1868281.0,234721.0,158958.0,413307.0,33330.0,50347.0,134910.0,-7.995,169562.0
857,BCBP,12/31/2019,0.0012,2907468.0,2667995.0,239473.0,239473.0,233921.0,522083.0,550353.0,195718.0,24267.0,87995.0,16423.0,135104.0,20911.0,54.339,30343.0
858,BCML,12/31/2019,0.0014,1994177.0,1739957.0,254220.0,254220.0,209569.0,262462.0,295382.0,-36082.0,6956.0,77105.0,12631.0,927.0,17385.0,-24.656,23691.0
859,BSVN,12/31/2019,0.0,866392.0,766266.0,100126.0,100126.0,98337.0,74776.0,117128.0,77928.0,19180.0,43501.0,10147.0,-108070.0,8225.0,0.0,15069.0
860,BWFG,12/31/2019,0.0023,1882182.0,1699785.0,182397.0,182397.0,179594.0,357604.0,78051.0,-25378.0,6631.0,59005.0,7785.0,18686.0,18297.0,-21.012,22942.0
861,BRLI,12/31/2019,,210.029,205.693,4.336,4.336,4.336,186.169,,,,,,,,,
862,BRP,12/31/2019,0.0,398768.0,161517.0,237251.0,73285.0,-183635.0,113648.0,71071.0,152082.0,12014.0,137841.0,17917.0,-101020.0,-2584.0,-666.468,-22437.0
863,BRPA,12/31/2019,0.0,32075.0,2574.0,29500.0,29500.0,29500.0,31452.0,0.006,-39465.0,-792.731,0.0,2783.0,40247.0,408.427,0.0,492.633
864,BSBK,12/31/2019,0.0,766612.0,691634.0,74978.0,74978.0,74978.0,172070.0,127863.0,99119.0,2574.0,11713.0,5658.0,1652.0,2428.0,0.0,3279.0
865,BWB,12/31/2019,0.0011,2268830.0,2024036.0,244794.0,244794.0,241307.0,419027.0,31935.0,240175.0,39527.0,77958.0,29997.0,-276211.0,31346.0,12.489,38326.0
866,CBMB,12/31/2019,0.0,220402.0,160466.0,59935.0,59935.0,59935.0,62435.0,5987.0,2561.0,534.454,8228.0,3949.0,-15955.0,907.713,0.0,1276.0
867,CBNK,12/31/2019,0.0012,1428495.0,1295164.0,133331.0,133331.0,133331.0,180976.0,114824.0,295294.0,-26346.0,90136.0,13969.0,-188847.0,16895.0,0.0,22714.0
868,CBTX,12/31/2019,0.002,3478544.0,2942823.0,535721.0,535721.0,449833.0,585721.0,372064.0,123644.0,56090.0,154348.0,25053.0,-189740.0,49987.0,121.5328,62088.0
869,CSTR,12/31/2019,0.0012,2037201.0,1764155.0,273046.0,273046.0,228653.0,283046.0,101269.0,33224.0,-84688.0,92022.0,18613.0,47290.0,24455.0,-621.036,29266.0
870,CCB,12/31/2019,0.0011,1128526.0,1004353.0,124173.0,124173.0,124173.0,147735.0,43910.0,154466.0,13671.0,50269.0,12196.0,-164546.0,13201.0,0.0,16662.0
871,CCNC,12/31/2019,0.0,22448.0,16486.0,5962.0,5962.0,-1327.0,7299.0,4028.0,2477.0,759.457,19584.0,21213.0,0.0,-415.0298,0.2762,-285.484
872,CFFA,12/31/2019,0.0,291775.0,4253.0,287523.0,287523.0,287523.0,290386.0,14.304,7597.0,-482.753,0.0,35850.0,-7660.0,4284.0,0.0,5475.0
873,CGRO,12/31/2019,,32.5,7.848,24.652,24.652,24.652,32.5,,,,,,,,,
874,CHPM,12/31/2019,,301832.0,10694.0,291139.0,291139.0,291139.0,291139.0,,,,,,,,,
875,CIIC,12/31/2019,,260477.0,9205.0,251272.0,251272.0,251272.0,251272.0,,,,,,,,,
876,CME,12/31/2019,0.0059,75215300.0,49056000.0,26159300.0,26128900.0,-6906600.0,29872100.0,1556600.0,-2340800.0,2672800.0,4868000.0,358239.0,-152600.0,1614473.0,135873.0,2689600.0
877,CNBKA,12/31/2019,0.0071,5492424.0,5159843.0,332581.0,332581.0,332581.0,368664.0,258693.0,271322.0,47849.0,112313.0,5568.0,-402981.0,39699.0,0.0,40809.0
878,CNNB,12/31/2019,0.0,241802.0,217720.0,24081.0,24081.0,22867.0,71253.0,37735.0,43033.0,-1464.0,8347.0,1778.0,-14923.0,720.2546,8.5946,886.168
879,JRJC,12/31/2019,-0.005,89165.0,74037.0,15128.0,25156.0,24973.0,25156.0,9600.0,4952.0,-5192.0,35519.0,2294.0,-2688.0,-10937.0,-108.4543,-12527.0
880,CACC,12/31/2019,0.0346,7423200.0,5067900.0,2355300.0,2355300.0,2355300.0,6894100.0,517700.0,400300.0,812300.0,1489000.0,18977.0,-1024200.0,657481.0,-419.4,855900.0
881,CFBI,12/31/2019,0.0,319294.0,242127.0,77167.0,77167.0,77167.0,83968.0,48117.0,10830.0,1636.0,14351.0,7515.0,-1378.0,339.67,5.67,326.0
882,CHCI,12/31/2019,0.0,19933.0,11576.0,8357.0,1592.0,-213.0,8587.0,3511.0,-5882.0,8394.0,25317.0,6799.0,145.0,1464.0,0.0,1466.0
883,CLBK,12/31/2019,0.0,8188694.0,7206177.0,982517.0,982517.0,913935.0,2389539.0,75547.0,532536.0,123770.0,204007.0,111101.0,-622960.0,56838.0,-633.65,71082.0
884,CNFR,12/31/2019,0.0,247265.0,204540.0,42725.0,42725.0,42725.0,78549.0,7464.0,6324.0,15361.0,95998.0,8880.0,-25013.0,-7822.0,0.0,-9121.0
885,COLB,12/31/2019,0.0027,14079524.0,11919562.0,2159962.0,2159962.0,1358662.0,3148708.0,247673.0,630789.0,204747.0,591278.0,72032.0,-865450.0,193897.0,138.4,241611.0
886,CPAA,12/31/2019,,454110.0,15978.0,438132.0,438132.0,438132.0,438132.0,,,,,,,,,
887,CPSS,12/31/2019,0.0,2539249.0,2336608.0,202641.0,131384.0,131384.0,2420915.0,140832.0,23292.0,216784.0,234033.0,24064.0,-229354.0,5406.0,0.0,9162.0
888,CRESY,6/30/2019,-0.3735,507989000.0,418989000.0,89000000.0,16820000.0,-1384000.0,351125000.0,62484000.0,-18006000.0,17874000.0,82665000.0,50201.0,7383000.0,-6463100.0,-5471100.0,-27147000.0
889,ICBK,12/31/2019,0.0024,1378779.0,1206750.0,172029.0,164029.0,146257.0,254081.0,129011.0,-168489.0,21953.0,54175.0,6769.0,214460.0,17348.0,-252.78,21068.0
890,CFB,12/31/2019,0.0,4931233.0,4329589.0,601644.0,601644.0,593950.0,961308.0,187320.0,758823.0,73830.0,150583.0,48864.0,-861874.0,28843.0,-53.848,32611.0
891,DFPH,12/31/2019,,50.0,27.3,22.7,22.7,22.7,22.7,,,,,,,,,
892,DGICB,12/31/2019,0.0015,1923161.0,1472146.0,451016.0,451016.0,444432.0,491016.0,49319.0,-36258.0,76360.0,812156.0,28774.0,-43377.0,47152.0,0.0,57081.0
893,EEFT,12/31/2019,0.0063,4657666.0,3078324.0,1579342.0,1579274.0,693604.0,2676302.0,1817379.0,416298.0,504488.0,2750109.0,54914.0,-229027.0,344591.0,542.901,433807.0
894,EHTH,12/31/2019,0.0027,741634.0,214470.0,527164.0,527164.0,476869.0,527164.0,26820.0,102141.0,-71492.0,506201.0,24539.0,-16944.0,86174.0,-4792.0,83499.0
895,EQBK,12/31/2019,0.0016,3949578.0,3471518.0,478060.0,478060.0,321721.0,825984.0,89291.0,-248149.0,48521.0,148122.0,15843.0,96101.0,26291.0,-203.13,32857.0
896,ESQ,12/31/2019,0.0018,798008.0,686946.0,111062.0,111062.0,111062.0,111148.0,61806.0,112246.0,14895.0,45922.0,7771.0,-95897.0,14143.0,0.0,19138.0
897,ESSC,6/30/2020,,139419.0,440.856,138978.0,138978.0,138978.0,138978.0,389.361,138807.0,-465.106,0.0,,-138000.0,551.046,0.0,551.046
898,EXPC,12/31/2019,,277692.0,9996.0,267696.0,267696.0,267696.0,267696.0,,,,,,,,,
899,LYL,3/31/2020,0.0,9964.0,2591.0,7373.0,7921.0,7920.0,7921.0,15.926,298.688,-815.311,11.252,11421.0,71.399,-1417.0,0.0,-1457.0
900,DUO,12/31/2019,-0.0293,4372125.0,2783070.0,1589055.0,1589055.0,1589055.0,2079055.0,1333872.0,593436.0,118511.0,3599436.0,43516.0,-151809.0,-500643.0,-3248.0,-506621.0
901,FBNC,12/31/2019,0.0031,6143639.0,5291238.0,852401.0,852401.0,600816.0,1153072.0,231302.0,141852.0,51238.0,274794.0,29720.0,-424686.0,92942.0,-235.248,116276.0
902,FFBW,12/31/2019,0.0,292218.0,230348.0,61870.0,61870.0,61870.0,73370.0,39377.0,26327.0,2741.0,9491.0,7605.0,5821.0,1556.0,0.0,2058.0
903,FHB,12/31/2019,0.0021,20166734.0,17526476.0,2640258.0,2640258.0,1632098.0,3240258.0,694017.0,-981336.0,296504.0,679653.0,133387.0,375212.0,284392.0,0.0,381698.0
904,FIBK,12/31/2019,0.0028,14644200.0,12630300.0,2013900.0,2013900.0,1300000.0,2113500.0,1076800.0,144300.0,127300.0,644900.0,63885.0,-16800.0,196939.0,-4761.0,235100.0
905,FISI,12/31/2019,0.003,4384178.0,3945231.0,438947.0,421619.0,346696.0,736392.0,112947.0,-22785.0,57710.0,169941.0,16031.0,-24733.0,48838.0,5.162,59421.0
906,FNWB,12/31/2019,0.0,1307336.0,1130485.0,176851.0,176851.0,175980.0,289781.0,48739.0,28269.0,14097.0,44809.0,9905.0,-19950.0,9294.0,-64.4205,11091.0
907,FSRV,12/31/2019,,252271.0,9571.0,242700.0,242700.0,242700.0,242700.0,,,,,,,,,
908,FTAC,12/31/2019,0.0,352558.0,14942.0,337616.0,337616.0,337616.0,337616.0,450.998,0.0,-3907.0,0.0,44288.0,2058.0,4276.0,0.0,5913.0
909,FTHM,12/31/2019,0.0,2490.0,3649.0,-1159.0,-1159.0,-1624.0,-606.997,579.416,1055.0,-1111.0,109622.0,13653.0,-372.816,-4092.0,0.0,-4100.0
910,BTBT,12/31/2019,0.0,4517.0,429.593,4087.0,3835.0,3835.0,3835.0,630.65,0.0,-1347.0,4572.0,14392.0,-916.167,-9470.0,0.0,-8869.0
911,FOCS,12/31/2019,0.0,2653629.0,1849659.0,803970.0,484120.0,-1609567.0,1757119.0,65178.0,393567.0,194774.0,1218341.0,46792.0,-556455.0,-4295.0,-3172.0,-4976.0
912,FSBW,12/31/2019,0.005,1713056.0,1512814.0,200242.0,200242.0,180913.0,294991.0,45778.0,59023.0,9177.0,90269.0,4534.0,-55201.0,24120.0,-333.312,28130.0
913,FSEA,12/31/2019,0.0,409493.0,352427.0,57066.0,57066.0,57066.0,123285.0,4009.0,20191.0,1059.0,12981.0,2695.0,-23130.0,474.34,-204.66,-268.0
914,FUTU,12/31/2019,0.0013,21399924.0,18851371.0,2548553.0,2548553.0,2540860.0,4016139.0,14903437.0,1151622.0,1969434.0,779851.0,114737.0,-160057.0,165664.0,0.0,178493.0
915,GOCO,12/31/2019,0.0,1602295.0,742151.0,860144.0,312602.0,-856734.0,603835.0,505.0,63.0,5443.0,226205.0,313582.0,-6170.0,28117.0,0.0,28160.0
916,GSHD,12/31/2019,0.0,64628.0,95635.0,-31007.0,-9007.0,-9452.0,37154.0,15260.0,-20914.0,21241.0,77486.0,16100.0,-4078.0,4211.0,-80.9002,11686.0
917,MYFW,12/31/2019,0.001,1251682.0,1124004.0,127678.0,127678.0,107964.0,144238.0,78638.0,143173.0,-21513.0,63909.0,7913.0,-116379.0,9101.0,-297.246,10192.0
918,GHIV,12/31/2019,,412.494,426.496,-14.002,-14.002,-14.002,135.998,,,,,,,,,
919,GLRE,12/31/2019,0.0,1355193.0,878010.0,477183.0,477183.0,477183.0,570697.0,767906.0,0.0,1631.0,489091.0,36079.0,63334.0,-3986.0,0.0,-3503.0
920,GMHI,12/31/2019,0.0,407939.0,15356.0,392583.0,392583.0,392583.0,392583.0,1365.0,400985.0,6763.0,0.0,46327.0,-406435.0,5445.0,0.0,6887.0
921,GNRS,12/31/2019,,657.675,634.874,22.801,22.801,22.801,654.167,,,,,,,,,
922,GNTY,12/31/2019,0.0023,2318444.0,2056893.0,261551.0,261551.0,225538.0,327479.0,90714.0,4898.0,32046.0,94485.0,11705.0,-17740.0,26279.0,0.0,32057.0
923,GRCY,12/31/2019,0.0,198.278,199.95,-1.672,-1.672,-1.672,194.823,0.526,-18.423,-26.383,0.0,5410.0,-4.663,-22.672,0.0,-22.672
924,GSBC,12/31/2019,0.0051,5015072.0,4412006.0,603066.0,603066.0,594968.0,931273.0,220155.0,226143.0,86419.0,211349.0,14321.0,-295149.0,73612.0,0.0,90061.0
925,GWGH,12/31/2019,0.0027,3635206.0,3034379.0,600827.0,132088.0,-2229317.0,1753094.0,99331.0,254694.0,-142830.0,92276.0,35219.0,-137969.0,108221.0,-41.31,-79597.0
926,GXGX,12/31/2019,0.0,291605.0,11042.0,280564.0,280564.0,280564.0,280564.0,917.007,288839.0,-1098.0,0.0,8015.0,-286849.0,2519.0,-1.6529,3181.0
927,HLNE,3/31/2020,0.0022,473529.0,236128.0,237401.0,154791.0,154791.0,229315.0,53210.0,-64709.0,116373.0,274048.0,28439.0,-49900.0,60825.0,0.0,140744.0
928,HBT,12/31/2019,0.0033,3245103.0,2912185.0,332918.0,332918.0,296750.0,370501.0,283971.0,-107340.0,89092.0,163918.0,20090.0,115340.0,65119.0,137.532,72121.0
929,HMST,12/31/2019,0.0,6812435.0,6132712.0,679723.0,679723.0,553628.0,1151963.0,57880.0,-343462.0,258830.0,263822.0,25771.0,83926.0,40720.0,0.0,48708.0
930,HOMB,12/31/2019,0.0017,15032047.0,12520516.0,2511531.0,2511531.0,1516551.0,3502527.0,490601.0,-636409.0,247415.0,655211.0,167804.0,221656.0,289646.0,-35.6356,385621.0
931,HONE,12/31/2019,0.0,4058921.0,3393127.0,665794.0,665794.0,572807.0,1053833.0,211616.0,371056.0,-36127.0,168451.0,55732.0,-228834.0,18656.0,-93.508,22676.0
932,HTBI,6/30/2020,0.0015,3722852.0,3314589.0,408263.0,408263.0,381547.0,883263.0,121622.0,217574.0,-42060.0,133900.0,18393.0,-124935.0,23207.0,-112.024,28807.0
933,HUIZ,12/31/2019,0.0,508805.0,817458.0,-308653.0,-308653.0,-310305.0,-271773.0,249327.0,-14079.0,118024.0,993319.0,51318.0,-6927.0,14450.0,1.7019,15205.0
934,HX,3/31/2020,0.0,78382.0,30282.0,48101.0,48101.0,48101.0,68101.0,10925.0,-3965.0,-55866.0,11435.0,17638.0,12775.0,-49306.0,-7297.0,-66930.0
935,HYAC,12/31/2019,,405375.0,15914.0,389461.0,389461.0,389461.0,389461.0,,,,,,,,,
936,HVBC,12/31/2019,0.0,354586.0,320987.0,33599.0,33599.0,33599.0,60599.0,20234.0,44098.0,-18374.0,12419.0,2031.0,-20235.0,879.0,0.0,1073.0
937,IBKR,12/31/2019,0.0021,71676000.0,63736000.0,7940000.0,1452000.0,1418000.0,1468000.0,12282000.0,-419000.0,2666000.0,1686000.0,415421.0,-89000.0,161000.0,0.0,1157000.0
938,IBTX,12/31/2019,0.0045,14958207.0,12618434.0,2339773.0,2339773.0,1245011.0,2920848.0,565170.0,935060.0,173319.0,580650.0,43245.0,-673988.0,217861.0,-6963.0,246264.0
939,ICCH,12/31/2019,0.0014,163004.0,96662.0,66342.0,66342.0,66342.0,69817.0,6627.0,-156.099,2532.0,59918.0,3014.0,-393.65,4294.0,0.0,5082.0
940,IEA,12/31/2019,0.0,824921.0,916541.0,-91620.0,-109103.0,-183748.0,221885.0,147259.0,-4474.0,79812.0,1459763.0,20431.0,610.0,-10619.0,6232.0,4610.0
941,IGIC,12/31/2019,0.0,1009074.0,696931.0,312143.0,312143.0,308257.0,312143.0,192460.0,-16475.0,21402.0,249944.0,48447.0,-1034.0,24177.0,-43.7641,25253.0
942,IROQ,6/30/2020,0.001,735517.0,652953.0,82564.0,82564.0,81849.0,120064.0,33467.0,1274.0,6896.0,23071.0,3530.0,-34303.0,4264.0,-7.533,5884.0
943,ISTR,12/31/2019,0.0017,2148916.0,1906940.0,241976.0,241976.0,210941.0,422299.0,44695.0,112051.0,18567.0,71045.0,10144.0,-103063.0,18524.0,-413.503,20958.0
944,JFIN,12/31/2019,0.01,701072.0,1442671.0,-741599.0,-741854.0,-741854.0,-741854.0,122149.0,244674.0,26291.0,2230176.0,52602.0,-234178.0,527747.0,0.0,563814.0
945,JRVR,12/31/2019,0.0013,5024405.0,4245824.0,778581.0,778581.0,559810.0,1040936.0,1406076.0,7956.0,1489022.0,907125.0,30674.0,-263359.0,39119.0,-275.355,51867.0
946,KBLM,12/31/2019,0.0,12502.0,7155.0,5347.0,5347.0,5347.0,7413.0,546.636,-106509.0,-1452.0,0.0,4224.0,108237.0,-91.3,0.0,165.955
947,KNSL,12/31/2019,0.0029,1090550.0,684670.0,405880.0,405880.0,402342.0,422624.0,100408.0,77755.0,178357.0,328235.0,22136.0,-230793.0,63316.0,0.0,76051.0
948,LACQ,12/31/2019,0.0,196512.0,10337.0,186175.0,186175.0,186175.0,186741.0,1061.0,-11026.0,-1425.0,0.0,6082.0,11853.0,365.954,0.0,921.154
949,LEVL,12/31/2019,0.002,1584899.0,1414196.0,170703.0,170703.0,161015.0,427368.0,103930.0,139782.0,4124.0,65266.0,7770.0,-73272.0,16556.0,-93.9949,19514.0
950,LFAC,12/31/2019,0.0,162485.0,6504.0,155981.0,155981.0,155981.0,156731.0,161.405,750.0,-1957.0,0.0,19406.0,1172.0,1772.0,0.0,2448.0
951,LIVK,12/31/2019,,81088.0,74.572,81013.0,81013.0,81013.0,81046.0,,,,,,,,,
952,LMFA,12/31/2019,0.0,7641.0,4806.0,2835.0,2835.0,-1205.0,6985.0,1070.0,-171.82,-1161.0,2890.0,3134.0,-1119.0,-1361.0,0.0,-3005.0
953,LOB,12/31/2019,0.0,4814970.0,4282584.0,532386.0,532386.0,532386.0,532400.0,223539.0,1073805.0,-493925.0,215249.0,41054.0,-673164.0,18034.0,0.0,23465.0
954,LSAC,6/30/2020,,66483.0,3414.0,63069.0,63069.0,63069.0,64069.0,684.708,66463.0,-165.327,0.0,,-65638.0,-119.542,0.0,-118.73
955,LX,12/31/2019,0.0123,19236294.0,12636755.0,6599539.0,6599539.0,6599539.0,14829404.0,3985626.0,3058821.0,-778504.0,10603507.0,187916.0,-783579.0,2430236.0,-24361.0,2706511.0
956,CASH,9/30/2019,0.0025,6182890.0,5338932.0,843958.0,839911.0,477596.0,1679216.0,126545.0,174876.0,191012.0,452447.0,38922.0,-339198.0,104259.0,-2683.0,97942.0
957,LBC,12/31/2019,0.0,7045828.0,6431364.0,614464.0,614464.0,611167.0,1749439.0,88565.0,44628.0,75007.0,133082.0,56162.0,-122767.0,48861.0,0.0,69464.0
958,LOAC,2/29/2020,0.0,42551.0,2763.0,39789.0,39789.0,39789.0,41289.0,26.294,1500.0,-912.808,0.0,1860.0,-1200.0,-291.061,0.0,-291.061
959,LPLA,12/31/2019,0.0066,5880238.0,4856365.0,1023873.0,1023873.0,-919613.0,3422691.0,1471778.0,-533225.0,623871.0,2042224.0,84624.0,-180987.0,562263.0,-773.22,741835.0
960,MBIN,12/31/2019,0.0024,6371928.0,5718200.0,653728.0,441082.0,347051.0,622521.0,506709.0,2384863.0,-1257003.0,164853.0,28746.0,-957675.0,77329.0,0.0,102134.0
961,MBWM,12/31/2019,0.003,3632915.0,3216354.0,416561.0,416561.0,363248.0,817442.0,233731.0,206448.0,44767.0,151490.0,16409.0,-92838.0,49456.0,0.0,60460.0
962,MCMJ,12/31/2019,,130851.0,170.67,130680.0,130680.0,130680.0,130681.0,,,,,,,,,
963,MDJH,12/31/2019,0.0,9433.0,933.9,8499.0,8678.0,8678.0,8678.0,6553.0,70.406,-1.501,5680.0,11980.0,-190.828,444.3078,0.0088,400.736
964,MKTX,12/31/2019,0.0054,954930.0,184839.0,770091.0,770091.0,562244.0,770091.0,274253.0,-118100.0,265935.0,511352.0,37956.0,-122051.0,198484.0,1645.0,257424.0
965,MRLN,12/31/2019,0.0022,1207443.0,992487.0,214956.0,214956.0,200760.0,291047.0,130027.0,-5553.0,62420.0,141623.0,12198.0,-38041.0,27116.0,0.0,36853.0
966,MCBS,12/31/2019,0.0018,1631858.0,1415134.0,216724.0,216724.0,216724.0,279853.0,276413.0,124076.0,32199.0,100868.0,24730.0,-18289.0,44718.0,0.0,60868.0
967,MORN,12/31/2019,0.0035,2370900.0,1287300.0,1083600.0,1083600.0,-288900.0,1596700.0,334100.0,373700.0,334400.0,1179000.0,43200.0,-746300.0,136082.0,4782.0,198500.0
968,MSBI,12/31/2019,0.0023,6087017.0,5425106.0,661911.0,661911.0,401443.0,1331694.0,394505.0,6940.0,119406.0,262906.0,24493.0,54459.0,55264.0,155.25,72471.0
969,MSVB,12/31/2019,0.0,208436.0,157623.0,50813.0,50813.0,50813.0,60813.0,18817.0,5095.0,1592.0,7878.0,3362.0,-570.0,1056.0,-8.424,1045.0
970,NBAC,12/31/2019,,329.663,309.241,20.422,20.422,20.422,300.422,,,,,,,,,
971,NMRK,12/31/2019,0.0,3201599.0,2260974.0,940625.0,599664.0,-417120.0,1435341.0,221872.0,-895506.0,986760.0,2218132.0,185016.0,-56788.0,117305.0,0.0,214148.0
972,NODK,12/31/2019,0.0012,508159.0,198356.0,309803.0,306304.0,303392.0,306304.0,62132.0,-2025.0,25665.0,270779.0,22265.0,-30458.0,26401.0,0.0,33811.0
973,NPA,12/31/2019,,231839.0,8319.0,223520.0,223520.0,223520.0,223520.0,,,,,,,,,
974,UEPS,6/30/2020,-0.0014,453678.0,78486.0,375192.0,375192.0,350411.0,390006.0,232485.0,-48838.0,-46045.0,150997.0,56003.0,223117.0,-93793.0,-1330.0,-65016.0
975,NMIH,12/31/2019,0.0025,1364818.0,434398.0,930420.0,930420.0,913124.0,1076184.0,41089.0,2000.0,208150.0,370114.0,69721.0,-194355.0,171957.0,0.0,216653.0
976,NWBI,12/31/2019,0.001,10493908.0,9140623.0,1353285.0,1353285.0,984106.0,1721421.0,60846.0,165188.0,127462.0,459873.0,105839.0,-300593.0,113737.0,-915.957,141111.0
977,OBAS,12/31/2019,0.0,239307.0,167453.0,71854.0,51844.0,51844.0,191898.0,12596.0,-8185.0,7397.0,16144.0,5186.0,-595.0,-1941.0,-31.5429,3920.0
978,OBNK,12/31/2019,0.0023,5324626.0,4725364.0,599262.0,599262.0,547025.0,1026123.0,291518.0,404472.0,61553.0,212581.0,23675.0,-291185.0,54152.0,-63.3699,66548.0
979,OFED,6/30/2020,0.0,515582.0,427277.0,88305.0,88305.0,85043.0,93305.0,34582.0,-18180.0,5093.0,16614.0,5760.0,10979.0,3864.0,0.0,4764.0
980,OPBK,12/31/2019,0.001,1179520.0,1038944.0,140576.0,140576.0,140576.0,116480.0,86036.0,107556.0,18163.0,55698.0,15935.0,-117409.0,17961.0,-382.226,22076.0
981,OPES,12/31/2019,0.0,94689.0,1736.0,92952.0,92952.0,92952.0,94303.0,17.862,-24566.0,-1239.0,0.0,3809.0,25617.0,1155.0,2.3081,1578.0
982,OPRT,12/31/2019,0.0,2201874.0,1713108.0,488766.0,488766.0,470427.0,1977079.0,136141.0,286272.0,218374.0,442365.0,27003.0,-497680.0,61598.0,0.0,84432.0
983,OXBR,12/31/2019,0.0,9495.0,1452.0,8043.0,8043.0,8043.0,8643.0,8016.0,600.0,-4371.0,981.0,6100.0,488.0,-150.0,0.0,-150.0
984,AESE,12/31/2019,0.0,71321.0,27100.0,44221.0,44221.0,25347.0,58054.0,12091.0,3653.0,-10064.0,26072.0,18099.0,8037.0,-15793.0,0.0,-16739.0
985,AFYA,12/31/2019,0.002,2912453.0,798727.0,2113726.0,2065094.0,752756.0,2125451.0,943209.0,921435.0,299216.0,750630.0,76192.0,-354149.0,119253.0,2843.0,186937.0
986,AGNC,12/31/2019,0.0012,113082000.0,102041000.0,11041000.0,10109000.0,9583000.0,10337000.0,1282000.0,12800000.0,1180000.0,771000.0,541400.0,-14218000.0,688000.0,0.0,688000.0
987,AIHS,3/31/2020,0.0,15631.0,14158.0,1472.0,2804.0,2026.0,3095.0,844.027,3432.0,-6448.0,15656.0,28023.0,-963.416,-1881.0,-401.903,-4316.0
988,AMTD,9/30/2019,0.004,43786000.0,35086000.0,8700000.0,8700000.0,3269000.0,12294000.0,10193000.0,-763000.0,7620000.0,5872000.0,557000.0,-1212000.0,2162760.0,14760.0,2929000.0
989,AMZN,12/31/2019,0.023,225248000.0,163188000.0,62060000.0,62060000.0,43257000.0,85474000.0,36410000.0,-10066000.0,38514000.0,280522000.0,504000.0,-24281000.0,11588000.0,0.0,13976000.0
990,APEI,12/31/2019,0.0,354897.0,58164.0,296733.0,296733.0,266127.0,296733.0,202740.0,-40506.0,38370.0,286270.0,16255.0,-7255.0,15211.0,-2694.0,16664.0
991,ARCE,12/31/2019,0.0,3161423.0,1566613.0,1594810.0,1594810.0,-217093.0,1693371.0,48900.0,676211.0,-7615.0,572837.0,51552.0,-631442.0,-40614.0,16064.0,-42534.0
992,ATCX,12/31/2019,0.0,204738.0,10472.0,194266.0,194266.0,194266.0,194266.0,95.683,0.0,-1390.0,0.0,6349.0,210.457,-347.357,0.0,341.159
993,ATIF,7/31/2019,0.0,12343.0,1141.0,11201.0,11201.0,10772.0,11201.0,6460.0,8741.0,-3019.0,3079.0,35523.0,739.084,429.227,0.0,706.05
994,BBBY,2/29/2020,-0.0049,7790515.0,6025580.0,1764935.0,1764935.0,1764935.0,3253335.0,1023650.0,-182846.0,590941.0,11158580.0,124352.0,91376.0,-204908.0,-100318.0,-764853.0
995,BBGI,12/31/2019,0.0,760060.0,475588.0,284472.0,284539.0,-290920.0,540751.0,18648.0,-10822.0,20991.0,261554.0,27778.0,-4955.0,9276.0,2056.0,19840.0
996,BECN,9/30/2019,0.0,6392812.0,4131264.0,2261548.0,1862353.0,-1753777.0,4447637.0,72287.0,-58769.0,212653.0,7105160.0,68424.0,-211735.0,-10612.0,0.0,-10782.0
997,BGFV,12/31/2019,0.0,688800.0,508428.0,180372.0,180372.0,180372.0,246931.0,8223.0,-3626.0,14280.0,996495.0,21149.0,-9196.0,8445.0,0.0,11783.0
998,BLDR,12/31/2019,0.0019,3249490.0,2424537.0,824953.0,824953.0,-72457.0,2116226.0,14096.0,-300897.0,504046.0,7280431.0,117025.0,-199180.0,221809.0,0.0,282755.0
999,BLMN,12/31/2019,0.0015,3592683.0,3415202.0,177481.0,170342.0,-613001.0,1219046.0,67145.0,-189359.0,317603.0,4139389.0,89777.0,-131291.0,139176.0,-481.505,141690.0
1000,BMCH,12/31/2019,0.0016,1906101.0,924589.0,981512.0,981512.0,498737.0,1327544.0,165496.0,-22263.0,245853.0,3626593.0,67332.0,-208817.0,116136.0,-2097.0,146484.0
1001,BOXL,12/31/2019,0.0,20469.0,21117.0,-647.653,-647.67,-10930.0,5566.0,1173.0,4460.0,-4263.0,33030.0,10689.0,6.649,-9647.0,0.0,-9402.0
1002,BZUN,12/31/2019,0.0047,7096600.0,4506083.0,2590517.0,2568731.0,2361549.0,5067810.0,1526810.0,1776891.0,301396.0,7278192.0,59644.0,-1133451.0,294572.0,-3409.0,348267.0
1003,CAKE,12/31/2019,0.0029,2840593.0,2268851.0,571742.0,571742.0,134535.0,861742.0,58416.0,176020.0,218761.0,2482692.0,44545.0,-363060.0,149560.0,-2283.0,140334.0
1004,CBRL,7/31/2020,0.0093,2544258.0,2125869.0,418389.0,418389.0,392739.0,1367784.0,436996.0,396336.0,161002.0,2522792.0,24096.0,-157226.0,-67119.0,12814.0,81284.0
1005,CDW,12/31/2019,0.005,7999400.0,7039100.0,960300.0,960300.0,-2186800.0,4277600.0,154000.0,-749800.0,1027200.0,18032400.0,147800.0,-331400.0,736800.0,0.0,949700.0
1006,CETV,12/31/2019,0.0,1447862.0,1105644.0,342218.0,341705.0,-620109.0,948814.0,36621.0,-178089.0,179652.0,694804.0,266198.0,-24375.0,121386.0,-665.3602,154434.0
1007,CG,12/31/2019,0.0028,13808800.0,10839200.0,2969600.0,618600.0,556300.0,7301600.0,828000.0,-149200.0,358600.0,2702500.0,122633.0,-27800.0,380900.0,0.0,1233400.0
1008,CHUY,12/31/2019,0.0,446069.0,251133.0,194936.0,194936.0,148753.0,194936.0,10074.0,-8282.0,43431.0,426357.0,16824.0,-33274.0,20565.0,-443.82,3314.0
1009,CLEU,12/31/2019,0.0,6853.0,1673.0,5180.0,5180.0,5180.0,5180.0,1702.0,439.193,-338.432,5256.0,6333.0,-471.407,437.904,0.0,593.942
1010,CONE,12/31/2019,0.0,6142000.0,3707400.0,2434600.0,2434600.0,1783400.0,5321200.0,77700.0,324800.0,365700.0,981300.0,115000.0,-679900.0,9645.0,11745.0,37700.0
1011,CONN,1/31/2020,0.0018,2168769.0,1541589.0,627180.0,627180.0,627180.0,1653320.0,80855.0,-7326.0,80066.0,1543686.0,30815.0,-56822.0,59198.0,-1042.0,74318.0
1012,CRSA,12/31/2019,0.0,254804.0,9690.0,245114.0,245114.0,245114.0,245114.0,1126.0,251434.0,-1255.0,0.0,31250.0,-249097.0,2750.0,0.0,3946.0
1013,CSSE,12/31/2019,-0.0029,167665.0,76645.0,91021.0,54283.0,-63145.0,74293.0,6447.0,24373.0,-18699.0,55364.0,11987.0,-6429.0,-27476.0,-1552.0,-31221.0
1014,CTRN,1/31/2020,0.0014,459145.0,288101.0,171044.0,171044.0,171044.0,171044.0,19923.0,-32943.0,42609.0,781925.0,11699.0,-7606.0,16893.0,-81.905,19968.0
1015,DISH,12/31/2019,0.0026,33230935.0,21666863.0,11564072.0,11564521.0,-14225036.0,25704116.0,2504320.0,-328169.0,2662401.0,12807684.0,537964.0,-717836.0,1396348.0,956.8499,1943927.0
1016,DLTH,1/31/2020,0.0,474050.0,297944.0,176106.0,178272.0,178272.0,245939.0,589.0,21495.0,6696.0,615624.0,32371.0,-30687.0,18921.0,0.0,23928.0
1017,DLTR,1/31/2020,0.0035,19574600.0,13319800.0,6254800.0,6254800.0,1171500.0,10332600.0,586000.0,-709800.0,1869800.0,23610800.0,238300.0,-1020200.0,1062689.0,-77311.0,1098700.0
1018,DNKN,12/31/2019,0.0029,3920024.0,4508034.0,-588010.0,-588010.0,-2779017.0,2447356.0,707977.0,-152648.0,297734.0,1370227.0,83745.0,-35492.0,252353.0,-3298.0,319262.0
1019,DSKE,12/31/2019,-0.0049,1140600.0,1001900.0,138700.0,73700.0,-175300.0,740900.0,95700.0,-79600.0,114100.0,1737000.0,64303.0,15800.0,-37163.0,-48063.0,-362000.0
1020,EDTK,3/31/2020,0.0,45690.0,17807.0,27882.0,27882.0,8587.0,27882.0,11932.0,0.0,11480.0,28601.0,12450.0,-10401.0,9975.0,0.0,13314.0
1021,EQIX,12/31/2019,0.006,23965615.0,15125233.0,8840382.0,8840606.0,1956359.0,19160540.0,1886613.0,1202082.0,1992728.0,5562140.0,84679.0,-1944567.0,543381.0,-13155.0,692597.0
1022,EZPW,9/30/2019,0.0,1083702.0,338753.0,744949.0,744949.0,376378.0,983543.0,162442.0,-198317.0,103517.0,847229.0,55984.0,-27829.0,20609.0,-6513.0,4174.0
1023,FAST,12/31/2019,0.0014,3799900.0,1134300.0,2665600.0,2665600.0,2665600.0,3010600.0,174900.0,-595100.0,842700.0,5333700.0,574400.0,-239700.0,789990.0,290.4,1043700.0
1024,FAT,12/31/2019,0.0,82550.0,77172.0,5378.0,5378.0,-35268.0,35096.0,25.0,6791.0,3071.0,22505.0,11311.0,-10490.0,-2328.0,484.65,-508.0
1025,FCFS,12/31/2019,0.0038,2439440.0,1089405.0,1350035.0,1350035.0,315517.0,1981603.0,46527.0,-120806.0,231596.0,1864439.0,43208.0,-137053.0,165336.0,-261.393,224611.0
1026,FIVE,1/31/2020,0.0031,1958661.0,1198883.0,759778.0,759778.0,759778.0,759778.0,202490.0,-42707.0,187029.0,1846730.0,56166.0,-193580.0,175056.0,0.0,221569.0
1027,FLWS,6/30/2020,0.0,774435.0,374661.0,399774.0,399774.0,258790.0,492333.0,240506.0,-15455.0,139417.0,1489637.0,66408.0,-56379.0,58998.0,0.0,77842.0
1028,FORR,12/31/2019,0.0,639160.0,481072.0,158088.0,158088.0,-183170.0,288633.0,69192.0,129438.0,48406.0,461697.0,18492.0,-249545.0,-693.709,-26.709,-9599.0
1029,FRAN,1/31/2020,-0.0086,328608.0,282082.0,46526.0,46526.0,46526.0,55462.0,17839.0,-1479.0,2824.0,407536.0,2899.0,-3609.0,-16362.0,-3202.0,-24895.0
1030,GAIA,12/31/2019,-0.001,106172.0,37258.0,68914.0,68914.0,-1350.0,87347.0,11494.0,4379.0,-2574.0,53979.0,18160.0,-20275.0,-17892.0,0.0,-17847.0
1031,GLG,12/31/2019,0.0,11388.0,5588.0,5801.0,5809.0,5809.0,9330.0,2447.0,11830.0,-2166.0,2493.0,7776.0,-8874.0,-4349.0,-861.72,-6928.0
1032,GMLP,12/31/2019,0.0,2105612.0,1452918.0,652694.0,569463.0,519054.0,1786396.0,229922.0,-189288.0,152707.0,299652.0,76353.0,-6312.0,47546.0,-9914.0,34556.0
1033,GO,12/31/2019,0.0,2185529.0,1440145.0,745384.0,745384.0,-50351.0,1193373.0,28101.0,-17778.0,132835.0,2559617.0,81863.0,-108019.0,20597.0,-456.354,16782.0
1034,GOGO,12/31/2019,-0.0018,1214700.0,1613590.0,-398890.0,-398890.0,-475369.0,702358.0,177675.0,-3543.0,64061.0,835726.0,80766.0,-73709.0,-103692.0,-15650.0,-144998.0
1035,GOOD,12/31/2019,0.0,1039508.0,828471.0,211037.0,208134.0,92669.0,834728.0,11488.0,74249.0,60194.0,114387.0,30696.0,-132037.0,8797.0,307.53,9541.0
1036,GRIL,12/31/2019,-0.0039,6261.0,6015.0,245.762,245.762,-3449.0,1622.0,478.854,6146.0,-4504.0,4959.0,7254.0,-1521.0,-22979.0,0.0,-28385.0
1037,HDS,1/31/2020,0.0027,4715000.0,3363000.0,1352000.0,1352000.0,-814000.0,3398000.0,34000.0,-569000.0,677000.0,6146000.0,166989.0,-112000.0,456888.0,-2112.0,613000.0
1038,HIBB,1/31/2020,0.0015,769759.0,440776.0,328983.0,328983.0,276922.0,328983.0,66078.0,-70961.0,92289.0,1184234.0,17957.0,-17006.0,27344.0,0.0,36328.0
1039,HLG,6/30/2019,0.0114,2502912.0,813665.0,1689247.0,1651808.0,1552283.0,1751411.0,260684.0,-7343.0,690317.0,1499025.0,25778.0,-1234206.0,293421.0,0.0,424493.0
1040,HMHC,12/31/2019,-0.0017,2513172.0,1946812.0,566360.0,566360.0,-624842.0,1223547.0,296353.0,-115667.0,254975.0,1390674.0,124153.0,-96320.0,-197221.0,-6144.0,-209632.0
1041,HTHT,12/31/2019,0.0059,52983000.0,45483000.0,7500000.0,7379000.0,2845000.0,23962000.0,13999000.0,6045000.0,3293000.0,11212000.0,304310.0,-285000.0,1550944.0,62944.0,2565000.0
1042,HURN,12/31/2019,0.0019,1104271.0,518806.0,585465.0,585465.0,-92840.0,794318.0,11604.0,-118836.0,132220.0,965474.0,22507.0,-35002.0,42506.0,-131.8,52491.0
1043,HUSN,12/31/2019,0.0,5569.0,3049.0,2520.0,2520.0,2518.0,2520.0,13.567,-31.201,-1071.0,1366.0,22114.0,-200.0,-19698.0,-15644.0,-61989.0
1044,HYRE,12/31/2019,0.0,11379.0,4544.0,6835.0,6835.0,6682.0,6835.0,10657.0,12012.0,-8114.0,15855.0,13957.0,-6.207,-12518.0,0.0,-12518.0
1045,ICFI,12/31/2019,0.0036,1397217.0,682666.0,714551.0,714551.0,-31212.0,879995.0,6482.0,-67640.0,91440.0,1478525.0,19224.0,-30470.0,68938.0,0.0,90173.0
1046,ILPT,12/31/2019,0.0,2454901.0,1459211.0,995690.0,995690.0,995690.0,2402298.0,34550.0,802035.0,116300.0,229234.0,65055.0,-893393.0,52498.0,0.0,52003.0
1047,IMKTA,9/30/2019,0.004,1867328.0,1204606.0,662723.0,662723.0,662723.0,1514960.0,42125.0,-27123.0,211503.0,4202034.0,20243.0,-152793.0,78480.0,952.3109,106598.0
1048,IQ,12/31/2019,-0.0141,44792550.0,35179160.0,9613390.0,9571014.0,-5773843.0,26103144.0,6909674.0,7880306.0,3906227.0,28993658.0,729269.0,-11749571.0,-10098516.0,-74938.0,-10224887.0
1049,ISIG,12/31/2019,0.0,16990.0,5196.0,11794.0,11794.0,11794.0,11794.0,7510.0,59.0,-2311.0,21954.0,11941.0,-398.0,-3178.0,-171.19,-5487.0
1050,JD,12/31/2019,0.0082,259723704.0,175063857.0,84659847.0,81855970.0,71102267.0,91907752.0,39912279.0,2572467.0,24781220.0,576888484.0,1483661.0,-25349357.0,6328373.0,890982.0,13692532.0
1051,KIRK,1/31/2020,-0.0038,422442.0,345487.0,76955.0,76955.0,76955.0,76955.0,30132.0,-3865.0,-8269.0,603880.0,14070.0,-15680.0,-39228.0,-5192.0,-52587.0
1052,KRUS,8/31/2019,0.0,76410.0,14229.0,62181.0,62181.0,62181.0,62181.0,38044.0,37595.0,5993.0,64245.0,5512.0,-11255.0,1456.0,0.0,1524.0
1053,LAMR,12/31/2019,0.0037,5941155.0,4760849.0,1180306.0,1180306.0,-1724212.0,4160424.0,26188.0,-264357.0,630865.0,1753644.0,100321.0,-362034.0,366825.0,1955.0,367889.0
1054,LAND,12/31/2019,0.0,816787.0,537817.0,278970.0,276616.0,271789.0,758545.0,13688.0,240238.0,21370.0,40692.0,19603.0,-262650.0,1973.0,-85.86,1762.0
1055,LATN,12/31/2018,,205.008,184.726,20.282,20.282,20.282,195.282,,,,,,,,,
1056,LAUR,12/31/2019,0.0042,6515628.0,3711477.0,2804151.0,2816963.0,-7045.0,4196102.0,526550.0,-1673977.0,339769.0,3250326.0,222500.0,1116760.0,77774.0,-23299.0,94398.0
1057,LINC,12/31/2019,0.0,194763.0,151615.0,43148.0,43148.0,28612.0,77176.0,38644.0,-3480.0,988.0,273342.0,24554.0,-4810.0,1514.0,66.339,2283.0
1058,LIND,12/31/2019,0.0,548658.0,425408.0,123250.0,123250.0,94749.0,341318.0,109258.0,24609.0,62583.0,343091.0,49427.0,-100085.0,16269.0,9.87,20938.0
1059,LMRK,12/31/2019,0.0,855605.0,486281.0,369324.0,369123.0,345157.0,819128.0,13065.0,26460.0,31663.0,59340.0,25343.0,-52906.0,16729.0,716.1,25389.0
1060,LOCO,12/31/2019,0.0,624752.0,379186.0,245566.0,245566.0,-64996.0,342566.0,8070.0,-24365.0,36135.0,442330.0,37442.0,-10669.0,25027.0,-49.28,34582.0
1061,LOPE,12/31/2019,0.0054,1690289.0,246856.0,1443433.0,1443433.0,1080610.0,1584351.0,122572.0,40090.0,306344.0,778643.0,48266.0,-405875.0,258833.0,77.096,317502.0
1062,LOVE,1/31/2020,-0.0011,125664.0,35509.0,90155.0,90155.0,88659.0,90155.0,48539.0,21312.0,-11194.0,233377.0,14260.0,-10650.0,-15205.0,0.0,-15162.0
1063,MANT,12/31/2019,0.0028,2107914.0,617272.0,1490642.0,1490642.0,102605.0,1527142.0,8854.0,-2949.0,221406.0,2222559.0,40244.0,-214897.0,113890.0,0.0,136098.0
1064,MCRI,12/31/2019,0.0017,610878.0,269677.0,341201.0,341201.0,314552.0,536616.0,60539.0,101750.0,63246.0,249166.0,18684.0,-134919.0,31816.0,0.0,39576.0
1065,MDRR,12/31/2019,0.0,83239.0,62386.0,20853.0,18199.0,13741.0,77742.0,2072.0,32076.0,805.689,8269.0,3683.0,-34930.0,-2032.0,0.0,-3804.0
1066,MIK,1/31/2020,0.0018,3838095.0,5284559.0,-1446464.0,-1446464.0,-1607171.0,1222896.0,409964.0,-150553.0,493175.0,5072037.0,153202.0,-178545.0,310377.0,-11866.0,358371.0
1067,MMYT,3/31/2020,-0.0043,1083211.0,220919.0,862292.0,858237.0,136247.0,859268.0,129881.0,-10988.0,-112733.0,511529.0,105191.0,73833.0,-161054.0,-18.5805,-447546.0
1068,MNRO,3/31/2020,0.0017,2049457.0,1315017.0,734440.0,734407.0,32783.0,1333064.0,345476.0,376744.0,121329.0,1256524.0,33953.0,-158811.0,58024.0,0.0,74274.0
1069,MOHO,12/31/2019,0.0,178460.0,93770.0,84690.0,84125.0,82813.0,118641.0,51099.0,54337.0,-14189.0,329480.0,28911.0,-813.007,2645.0,-44.9148,2185.0
1070,NATH,3/31/2020,0.0032,105282.0,171683.0,-66401.0,-66401.0,-67765.0,79739.0,77117.0,-9808.0,12349.0,103325.0,4216.0,-870.0,13435.0,0.0,18014.0
1071,NCMI,12/31/2019,0.0,1130000.0,1251200.0,-121200.0,-379500.0,-1023200.0,547100.0,55900.0,-130700.0,143600.0,444800.0,77783.0,1600.0,40999.0,-700.7064,99100.0
1072,NDLS,12/31/2019,0.0,378519.0,327948.0,50571.0,50571.0,42534.0,91818.0,10459.0,-5817.0,30060.0,462411.0,44976.0,-18439.0,9639.0,-501.087,1751.0
1073,NFLX,12/31/2019,0.0041,33975712.0,26393555.0,7582157.0,7582157.0,-16922410.0,22341417.0,5043786.0,4505662.0,-2887322.0,20156447.0,451765.0,-387064.0,1866916.0,0.0,2062231.0
1074,NSIT,12/31/2019,0.0044,4178179.0,3017861.0,1160318.0,1160318.0,466585.0,2019682.0,116297.0,577587.0,127876.0,7731190.0,35959.0,-733373.0,172033.0,-4141.0,211716.0
1075,NVEE,12/31/2019,0.0019,893136.0,537173.0,355963.0,355963.0,-209214.0,714149.0,31825.0,302186.0,39900.0,508938.0,12513.0,-351000.0,23756.0,0.0,28932.0
1076,NXST,12/31/2019,0.0048,13989737.0,11936244.0,2053493.0,2031497.0,-7146463.0,10524085.0,248678.0,4388251.0,417467.0,3039324.0,45986.0,-4702155.0,171591.0,34161.0,373321.0
1077,OLLI,1/31/2020,0.0021,1596247.0,537362.0,1058885.0,1058885.0,383476.0,1058885.0,89950.0,-33211.0,105344.0,1408199.0,65874.0,-34124.0,141130.0,0.0,172733.0
1078,ONEW,9/30/2019,0.0018,504755.0,466786.0,37969.0,31770.0,-142593.0,333060.0,11108.0,12458.0,-5698.0,767624.0,5396.0,-10998.0,34425.0,455.49,37263.0
1079,ORBC,12/31/2019,0.0,580980.0,343464.0,237516.0,235804.0,-3605.0,483762.0,54258.0,-8368.0,30084.0,272013.0,79259.0,-21067.0,-17848.0,-212.76,-13749.0
1080,ORLY,12/31/2019,0.0179,10717160.0,10319820.0,397340.0,397340.0,-539474.0,4287867.0,40406.0,-902811.0,1708479.0,10149985.0,77788.0,-796746.0,1391042.0,0.0,1790329.0
1081,OSTK,12/31/2019,-0.0035,417727.0,239872.0,177855.0,115084.0,76208.0,115084.0,114898.0,80548.0,-81612.0,1459418.0,34865.0,-26852.0,-117451.0,-1624.0,-134535.0
1082,PAE,12/31/2019,0.0,408957.0,18517.0,390440.0,390440.0,390440.0,390440.0,244.96,0.0,5369.0,0.0,50000.0,-5980.0,1458.0,0.0,3010.0
1083,PAYX,5/31/2020,0.0029,8550700.0,5769300.0,2781400.0,2781400.0,659700.0,3583300.0,1659800.0,-1488200.0,1440900.0,4040500.0,361800.0,771900.0,1098100.0,0.0,1437100.0
1084,PBFS,6/30/2020,0.0017,1526412.0,1302446.0,223966.0,223966.0,214515.0,,156903.0,34243.0,2025.0,64470.0,11170.0,-109474.0,-6490.0,-9.408,-9805.0
1085,PBPB,12/31/2019,-0.001,332879.0,263710.0,69169.0,68848.0,63222.0,68848.0,18806.0,-4772.0,18168.0,409707.0,23850.0,-14365.0,-21852.0,-791.64,-9395.0
1086,PCB,12/31/2019,0.0015,1746328.0,1519494.0,226834.0,226834.0,226834.0,246834.0,146228.0,15738.0,30120.0,80903.0,16172.0,-61903.0,24108.0,0.0,34351.0
1087,PCSB,6/30/2020,0.0,1791929.0,1518216.0,273713.0,273713.0,267378.0,379802.0,136302.0,122395.0,18081.0,49748.0,16527.0,-64203.0,9291.0,19.4358,12050.0
1088,PDLB,12/31/2019,0.0,1053756.0,895354.0,158402.0,158402.0,158402.0,262806.0,27677.0,-8478.0,6076.0,40124.0,17432.0,-39699.0,3286.0,-1519.0,-6049.0
1089,PENN,12/31/2019,0.0,14194500.0,12342600.0,1851900.0,1852700.0,-1444500.0,4237800.0,455200.0,-122400.0,703900.0,5301400.0,117800.0,-607500.0,170263.0,-46737.0,86100.0
1090,PFBI,12/31/2019,0.0016,1781010.0,1540769.0,240241.0,240241.0,187225.0,252052.0,94458.0,-35292.0,29231.0,76235.0,14754.0,19744.0,25397.0,-348.75,31221.0
1091,PFG,12/31/2019,0.005,276087800.0,261402000.0,14685800.0,14618000.0,11137500.0,18445500.0,2515900.0,1733700.0,5493200.0,16222100.0,276600.0,-7688500.0,1394200.0,0.0,1693300.0
1092,PFHD,12/31/2019,0.0,1053141.0,973839.0,79302.0,79302.0,79302.0,144301.0,198950.0,311308.0,6370.0,30851.0,5889.0,-205611.0,2336.0,0.0,2992.0
1093,PFMT,12/31/2019,0.0,138872.0,85247.0,53625.0,53625.0,-21672.0,115507.0,4995.0,17999.0,-15423.0,150432.0,53468.0,-4856.0,-19764.0,-144.0,-27197.0
1094,PHCF,6/30/2019,0.0,14377.0,2569.0,11808.0,12449.0,12439.0,13972.0,2005.0,8033.0,-7134.0,3181.0,10793.0,-3534.0,-2453.0,-1.407,-2711.0
1095,PINC,6/30/2020,0.0,2948515.0,2809252.0,139263.0,139263.0,-1220124.0,223463.0,99304.0,-168953.0,349524.0,1299592.0,60269.0,-222322.0,125750.0,1130.0,383687.0
1096,PLAY,1/31/2020,0.0029,2370139.0,2200489.0,169650.0,169650.0,-181986.0,817339.0,24655.0,-58585.0,288946.0,1354691.0,34099.0,-227291.0,100263.0,0.0,127142.0
1097,PLCE,1/31/2020,0.0047,1181397.0,946210.0,235187.0,235187.0,159723.0,405995.0,68487.0,-44374.0,177902.0,1870667.0,15653.0,-134350.0,78306.0,-1033.0,88417.0
1098,PLMR,12/31/2019,0.0,395462.0,176906.0,218556.0,218556.0,217812.0,218556.0,33349.0,62291.0,41700.0,113296.0,21835.0,-80566.0,10621.0,0.0,18077.0
1099,PMBC,12/31/2019,0.0,1416154.0,1267106.0,149048.0,149048.0,149048.0,196575.0,220138.0,54135.0,17021.0,54505.0,23632.0,-38736.0,5711.0,-11.088,7815.0
1100,PRAA,12/31/2019,0.0019,4423891.0,3196878.0,1227013.0,1169388.0,684097.0,4084059.0,123807.0,339523.0,133388.0,993056.0,45577.0,-441190.0,238496.0,-30761.0,117359.0
1101,PRGX,12/31/2019,0.0,125466.0,72416.0,53050.0,53050.0,26474.0,89670.0,15028.0,5463.0,10500.0,169758.0,22651.0,-15027.0,-6940.0,-2733.0,-13398.0
1102,PRSC,12/31/2019,0.0,597381.0,202669.0,394712.0,317592.0,162464.0,317945.0,61673.0,-776.0,60940.0,1509944.0,12959.0,-10858.0,-4953.0,0.0,-5526.0
1103,PRTS,12/31/2019,0.0,87946.0,75566.0,12380.0,12377.0,12377.0,14166.0,2273.0,-465.0,6877.0,280657.0,35720.0,-6160.0,-31548.0,0.0,-10111.0
1104,PTAC,12/31/2019,,174369.0,169369.0,5000.0,5000.0,5000.0,5000.0,,,,,,,,,
1105,PUYI,6/30/2020,0.0,432711.0,62230.0,370481.0,367956.0,367593.0,367956.0,288894.0,0.0,-88749.0,129483.0,56665.0,-53081.0,-34302.0,99.836,-35945.0
1106,PVBC,12/31/2019,0.0,1121788.0,890855.0,230933.0,230933.0,230933.0,255931.0,59658.0,130170.0,17508.0,47501.0,18067.0,-116633.0,10808.0,0.0,14619.0
1107,PZZA,12/31/2019,0.0,730721.0,1047377.0,-316656.0,-332321.0,-412661.0,34969.0,27911.0,-34574.0,61749.0,1619248.0,31632.0,-32575.0,600.61,1578.0,5046.0
1108,QK,9/30/2019,-0.0153,1799746.0,4036097.0,-2236351.0,-2281805.0,-2283053.0,-1179740.0,250814.0,569569.0,-88189.0,1233770.0,33247.0,-351450.0,-451572.0,0.0,-498274.0
1109,RBB,12/31/2019,0.0019,2788535.0,2380845.0,407690.0,407618.0,342955.0,521340.0,181763.0,-223037.0,476468.0,115035.0,20393.0,-219353.0,39613.0,-166.732,55321.0
1110,RBCAA,12/31/2019,0.0044,5620319.0,4856075.0,764244.0,764244.0,747944.0,1555484.0,385303.0,363850.0,97245.0,298435.0,21135.0,-427266.0,85127.0,1541.0,113193.0
1111,RBKB,12/31/2019,0.0,973946.0,864064.0,109882.0,109882.0,108231.0,181341.0,11978.0,81361.0,8985.0,37877.0,10708.0,-128958.0,5941.0,5.712,7492.0
1112,RDFN,12/31/2019,0.0,596213.0,264767.0,331446.0,331446.0,319942.0,476908.0,247448.0,31883.0,-107610.0,779796.0,91584.0,-115912.0,-80805.0,0.0,-80805.0
1113,REAL,12/31/2019,-0.0021,466930.0,128002.0,338928.0,338928.0,338928.0,338928.0,154446.0,378665.0,-54490.0,318037.0,47479.0,-215356.0,-96746.0,0.0,-96547.0
1114,REDU,12/31/2019,0.0025,2801955.0,2177654.0,624301.0,608896.0,-266866.0,1113074.0,1022825.0,-140732.0,-39854.0,1529447.0,58091.0,-114716.0,149111.0,-494.6166,215257.0
1115,REG,12/31/2019,0.0014,11132253.0,4842292.0,6289961.0,6213348.0,5663092.0,10132892.0,115562.0,-268206.0,621271.0,1133138.0,167434.0,-282693.0,283340.0,0.0,273190.0
1116,RICK,9/30/2019,0.002,353637.0,185336.0,168301.0,168457.0,38876.0,311985.0,14097.0,-13656.0,37174.0,181059.0,9657.0,-27147.0,21757.0,-649.632,24189.0
1117,RMBI,12/31/2019,-0.001,986042.0,798255.0,187787.0,187787.0,186754.0,341787.0,40597.0,122297.0,10097.0,34126.0,13527.0,-106769.0,-9542.0,-1707.0,-19377.0
1118,RNDB,12/31/2019,0.0,631004.0,552542.0,78462.0,78462.0,69906.0,122865.0,8252.0,9694.0,-16475.0,39496.0,5384.0,7915.0,3428.0,0.0,3546.0
1119,RNET,12/31/2019,0.0,250980.0,204103.0,46877.0,46723.0,-30214.0,153907.0,14505.0,28098.0,-20284.0,242931.0,19832.0,-16543.0,-20427.0,470.07,-8041.0
1120,ROCH,12/31/2019,,280.908,257.502,23.406,23.406,23.406,223.406,,,,,,,,,
1121,ROKU,12/31/2019,0.0,1470234.0,771808.0,698426.0,698426.0,547642.0,798034.0,517333.0,458328.0,13707.0,1128921.0,115218.0,-110295.0,-59937.0,0.0,-60919.0
1122,ROST,1/31/2020,0.0046,9348367.0,5989118.0,3359249.0,3359249.0,3359249.0,3672140.0,1411410.0,-1683249.0,2171546.0,16039073.0,361182.0,-554966.0,1660928.0,0.0,2164288.0
1123,RRBI,12/31/2019,0.0035,1988225.0,1736327.0,251898.0,251898.0,250352.0,205044.0,133292.0,89762.0,26443.0,78461.0,7116.0,-134819.0,24824.0,0.0,30464.0
1124,RRGB,12/31/2019,0.0,1237580.0,877060.0,360520.0,360520.0,234148.0,567395.0,30045.0,9678.0,57915.0,1315014.0,12959.0,-57030.0,4768.0,-4686.0,-22237.0
1125,RRR,12/31/2019,0.0,4114187.0,3331590.0,782597.0,500717.0,196535.0,3534008.0,132915.0,103162.0,316632.0,1856534.0,69565.0,-405137.0,93301.0,-24877.0,-8471.0
1126,RUHN,3/31/2020,-0.0011,1434051.0,256289.0,1177762.0,1184320.0,1100751.0,1195018.0,724151.0,885475.0,50566.0,1295850.0,83105.0,-320249.0,-95034.0,847.75,-89069.0
1127,RUTH,12/31/2019,0.0014,496876.0,402731.0,94145.0,94145.0,-5769.0,158145.0,5567.0,-22124.0,72910.0,468026.0,29377.0,-50281.0,42206.0,0.0,50379.0
1128,SAFT,12/31/2019,0.0065,2022669.0,1214263.0,808406.0,808406.0,808406.0,808406.0,44407.0,-52667.0,112456.0,875816.0,15338.0,-52964.0,99601.0,0.0,123681.0
1129,SALM,12/31/2019,-0.0011,558430.0,368767.0,189663.0,189663.0,-179553.0,418557.0,6.0,-28054.0,17010.0,253898.0,26503.0,10933.0,-8883.0,-7011.0,-23862.0
1130,SAMA,12/31/2019,0.0,133061.0,212.971,132848.0,132848.0,132848.0,132848.0,597.374,0.0,-1040.0,0.0,3662.0,715.531,1808.0,1.235,2294.0
1131,SAMG,12/31/2019,0.0,214249.0,116442.0,97807.0,65036.0,-27925.0,81236.0,52832.0,4154.0,18775.0,102152.0,8800.0,-39380.0,8646.0,0.0,20590.0
1132,SAQN,12/31/2019,,150941.0,145941.0,5000.0,5000.0,5000.0,5000.0,,,,,,,,,
1133,SBAC,12/31/2019,0.0013,9759941.0,13426948.0,-3667007.0,-3667007.0,-7293780.0,6667418.0,141120.0,-62314.0,970045.0,2014645.0,114693.0,-947158.0,185440.0,-10339.0,186889.0
1134,SBGI,12/31/2019,0.0,17370000.0,15676000.0,1694000.0,1502000.0,-11349000.0,13940000.0,1333000.0,8887000.0,916000.0,4240000.0,93185.0,-9530000.0,-12860.0,22140.0,9000.0
1135,SBNY,12/31/2019,0.0109,50616434.0,45846611.0,4769823.0,4769823.0,4769823.0,9368086.0,789832.0,2328509.0,778424.0,1339541.0,54011.0,-2634356.0,588926.0,0.0,787636.0
1136,SBT,12/31/2019,0.0012,3239764.0,2879447.0,360317.0,360317.0,350552.0,654496.0,52526.0,160456.0,60575.0,132431.0,52966.0,-208652.0,56951.0,0.0,77714.0
1137,SBUX,9/30/2019,0.0029,19219600.0,25450600.0,-6231000.0,-6232200.0,-10504800.0,4934800.0,2686600.0,-10056900.0,5047000.0,26508600.0,1233200.0,-1010800.0,3207165.0,94965.0,4466200.0
1138,SCHL,5/31/2020,-0.0013,2033600.0,853000.0,1180600.0,1179200.0,1041700.0,1397700.0,393800.0,154100.0,2100.0,1487100.0,34600.0,-95700.0,-1606.0,-15606.0,-89700.0
1139,SCVL,1/31/2020,0.0029,628374.0,331011.0,297363.0,297363.0,297363.0,297363.0,61899.0,-54317.0,66946.0,1036551.0,14686.0,-17751.0,42914.0,0.0,54748.0
1140,SECO,12/31/2019,0.0029,4997196.0,3344749.0,1652447.0,1624464.0,1590514.0,2999213.0,954136.0,54354.0,-244322.0,6845580.0,52442.0,16565.0,140624.0,2806.0,193097.0
1141,SEIC,12/31/2019,0.0032,2151370.0,412592.0,1738778.0,1738778.0,1350234.0,1738778.0,844547.0,-386620.0,545122.0,1649885.0,154901.0,-78180.0,498906.0,653.844,631441.0
1142,SFBS,12/31/2019,0.0028,8947653.0,8104971.0,842682.0,842180.0,828001.0,906883.0,630600.0,772779.0,164275.0,309190.0,54103.0,-988349.0,150964.0,-433.8015,186861.0
1143,SFIX,7/31/2020,0.0,769429.0,368392.0,401037.0,401037.0,401037.0,401037.0,143455.0,-1435.0,42877.0,1711733.0,102383.0,-70461.0,-67117.0,0.0,-47722.0
1144,SFM,12/31/2019,0.0013,2722983.0,2141031.0,581952.0,581952.0,28479.0,1119952.0,86785.0,-87441.0,355210.0,5634835.0,119742.0,-183232.0,155168.0,-1721.0,196168.0
1145,SGBX,12/31/2019,-0.0229,6635.0,2274.0,4360.0,4360.0,837.824,4360.0,1626.0,3075.0,-2816.0,2985.0,302.844,-2.07,-3930.0,0.0,-6921.0
1146,SLGG,12/31/2019,-0.0039,14447.0,1004.0,13443.0,13443.0,8894.0,13443.0,8442.0,22478.0,-13646.0,1084.0,7894.0,-3164.0,-30679.0,0.0,-30679.0
1147,SMMC,12/31/2019,,253617.0,8337.0,245280.0,245280.0,245280.0,245280.0,,,,,,,,,
1148,SMMCU,12/31/2019,,253617.0,8337.0,245280.0,245280.0,245280.0,245280.0,,,,,,,,,
1149,SPFI,12/31/2019,0.0016,3237167.0,2930985.0,306182.0,306182.0,278793.0,494047.0,158099.0,95119.0,30484.0,157862.0,18036.0,-213493.0,29220.0,0.0,36701.0
1150,SPWH,1/31/2020,0.0,616641.0,506373.0,110268.0,110268.0,108552.0,271890.0,1685.0,-28664.0,77866.0,886401.0,43588.0,-49064.0,20215.0,0.0,25469.0
1151,SRAC,12/31/2019,,174208.0,7095.0,167113.0,167113.0,167113.0,167113.0,,,,,,,,,
1152,SSPK,12/31/2019,,253077.0,8847.0,244230.0,244230.0,244230.0,244230.0,894.589,251367.0,-472.049,,,,,,
1153,STEP,3/31/2020,0.0014,680829.0,464600.0,216229.0,216229.0,200607.0,380111.0,89939.0,-52170.0,65930.0,446611.0,94816.0,35809.0,125170.0,180.076,148740.0
1154,STFC,12/31/2019,0.002,2985400.0,2025500.0,959900.0,959900.0,959900.0,1081900.0,78000.0,-12000.0,-43900.0,1407600.0,44000.0,74100.0,87400.0,0.0,107000.0
1155,STRA,12/31/2019,0.0037,1789408.0,326698.0,1462710.0,1462710.0,457624.0,1462710.0,420497.0,-55820.0,202146.0,997137.0,22097.0,-38066.0,95519.0,-7542.0,123724.0
1156,STXB,12/31/2019,0.0014,2384622.0,2038917.0,345705.0,345705.0,265730.0,450845.0,325957.0,100209.0,28234.0,92457.0,15111.0,108499.0,21136.0,0.0,26557.0
1157,TACO,12/31/2019,-0.0032,862457.0,560350.0,302107.0,302107.0,-121759.0,446688.0,1421.0,-25504.0,49045.0,512951.0,37018.0,-29273.0,-17678.0,-37211.0,-113914.0
1158,TAST,12/31/2019,0.0,1751460.0,1441998.0,309462.0,309462.0,-194788.0,770893.0,2974.0,168297.0,48708.0,1462765.0,43422.0,-218045.0,-23939.0,-3027.0,-44042.0
1159,TBK,12/31/2019,0.0023,5060297.0,4423707.0,636590.0,636590.0,446304.0,1193483.0,197880.0,410863.0,72450.0,287472.0,26060.0,-520372.0,58270.0,77.22,75446.0
1160,TBNK,12/31/2019,0.0023,2086313.0,1842423.0,243890.0,243890.0,243890.0,399890.0,44806.0,-18547.0,22327.0,66373.0,9326.0,-6037.0,21995.0,0.0,28306.0
1161,TCBI,12/31/2019,0.0062,32548069.0,29715811.0,2832258.0,2682258.0,2599255.0,5477793.0,4425583.0,3861863.0,-240268.0,1049587.0,50419.0,-2276077.0,322866.0,0.0,407161.0
1162,TDAC,12/31/2019,0.0,74536.0,6050.0,68486.0,68486.0,68486.0,68666.0,55.461,-137375.0,-1525.0,0.0,7102.0,137701.0,2533.0,0.0,3224.0
1163,TEDU,12/31/2019,-0.0194,2512020.0,2915084.0,-403064.0,-400047.0,-470498.0,-310885.0,537701.0,74397.0,-31730.0,2051354.0,53379.0,-51217.0,-1037639.0,61.332,-1080437.0
1164,TH,12/31/2019,0.0,600792.0,477390.0,123402.0,123402.0,-35502.0,526660.0,6839.0,46652.0,60495.0,321096.0,94502.0,-112705.0,6931.0,-257.04,13843.0
1165,THBR,12/31/2019,,348390.0,12117.0,336273.0,336273.0,336273.0,336273.0,,,,,,,,,
1166,THCA,12/31/2019,,174371.0,156.521,174214.0,174214.0,174214.0,174214.0,,,,,,,,,
1167,THCB,12/31/2019,0.0,280500.0,296.124,280203.0,280203.0,280203.0,280203.0,140.303,276819.0,-1634.0,0.0,7928.0,-275062.0,3265.0,27.0688,4262.0
1168,TIG,12/31/2019,0.0,919034.0,777419.0,141615.0,141615.0,138793.0,170655.0,76068.0,-8125.0,52173.0,102515.0,51143.0,-23943.0,31285.0,0.0,34801.0
1169,TIGR,12/31/2019,0.0,809060.0,597118.0,211942.0,211942.0,201446.0,211942.0,377324.0,114907.0,243309.0,58663.0,116786.0,-22040.0,-6589.0,0.0,-9305.0
1170,TITN,1/31/2020,0.0,975343.0,630239.0,345104.0,345104.0,334410.0,768444.0,43721.0,22869.0,955.0,1305171.0,21953.0,-36469.0,17536.0,-180.672,14652.0
1171,TOTA,12/31/2019,0.0,48777.0,3257.0,45520.0,45520.0,45520.0,46440.0,429.447,282.638,-596.974,0.0,2106.0,0.0,268.703,0.0,268.703
1172,TOUR,12/31/2019,-0.0057,6596620.0,3884981.0,2711639.0,2710629.0,2213581.0,2924163.0,622515.0,485110.0,-120461.0,2280987.0,123158.0,-578134.0,-698351.0,-282.75,-730656.0
1173,TRMT,12/31/2019,0.0,251929.0,165708.0,86221.0,86221.0,86221.0,91153.0,8875.0,82273.0,3727.0,8428.0,6234.0,-104460.0,4841.0,0.0,4841.0
1174,TROW,12/31/2019,0.0087,9330400.0,2228300.0,7102100.0,7102100.0,6436400.0,7102100.0,1858300.0,-832700.0,1522700.0,5617900.0,238600.0,-324500.0,1721726.0,123726.0,2927300.0
1175,TSC,12/31/2019,0.0019,7765810.0,7144529.0,621281.0,505202.0,439348.0,860202.0,403855.0,1602428.0,68193.0,179839.0,28833.0,-1456751.0,60193.0,0.0,68658.0
1176,TSCO,12/31/2019,0.0047,5289268.0,3722145.0,1567123.0,1567123.0,1442631.0,1963603.0,84241.0,-598813.0,811716.0,8351931.0,120743.0,-214961.0,562354.0,0.0,723377.0
1177,TTEK,9/30/2019,0.0028,2147408.0,1157944.0,989464.0,989286.0,48046.0,1265807.0,120901.0,-135063.0,208513.0,3107348.0,55936.0,-99706.0,176074.0,-1785.0,175136.0
1178,TW,12/31/2019,0.0,5095334.0,502589.0,4592745.0,3378588.0,-770736.0,,461711.0,-218142.0,311003.0,777939.0,156540.0,-44462.0,126121.0,0.0,225326.0
1179,TXRH,12/31/2019,0.0025,1983565.0,1052396.0,931169.0,915994.0,790012.0,915994.0,107879.0,-261724.0,374298.0,2756163.0,70916.0,-214820.0,173689.0,135.749,213915.0
1180,UCL,12/31/2019,0.0,90097.0,70630.0,19467.0,19467.0,18865.0,26126.0,40274.0,1528.0,5761.0,158381.0,261178.0,-3267.0,6744.0,-16.8271,5264.0
1181,ULTA,1/31/2020,0.0122,4863872.0,2961778.0,1902094.0,1902094.0,1887833.0,1902094.0,392325.0,-646739.0,1101293.0,7398068.0,58105.0,-471480.0,705945.0,0.0,906150.0
1182,URBN,1/31/2020,0.0017,3315633.0,1860278.0,1455355.0,1455355.0,1455355.0,1455355.0,221839.0,-222047.0,273893.0,3983789.0,100589.0,-186145.0,177848.0,-4159.0,239720.0
1183,VALU,4/30/2020,0.0016,109728.0,56189.0,53539.0,53539.0,53470.0,55870.0,5423.0,-6627.0,13745.0,40299.0,9647.0,-8657.0,15631.0,11.9196,21484.0
1184,VBTX,12/31/2019,0.0017,7954937.0,6764140.0,1190797.0,1190797.0,747694.0,2014238.0,251550.0,109480.0,103960.0,315177.0,53978.0,-46339.0,121245.0,-8454.0,115860.0
1185,VCTR,12/31/2019,0.0013,1753309.0,1215438.0,537871.0,537871.0,-1042350.0,1462410.0,37121.0,608016.0,227384.0,612373.0,73466.0,-849812.0,139019.0,-14213.0,120688.0
1186,VERY,12/31/2019,-0.0013,721782.0,509365.0,212417.0,212417.0,210782.0,233017.0,37842.0,45263.0,-2790.0,135300.0,14875.0,-25615.0,-19324.0,0.0,-20196.0
1187,VIRT,12/31/2019,0.0,9609370.0,8380434.0,1228936.0,931374.0,-747190.0,2922726.0,773280.0,769580.0,168771.0,1530082.0,113918.0,-899643.0,813.088,-7044.0,-115982.0
1188,VRRM,12/31/2019,0.0,1407426.0,1068079.0,339347.0,339347.0,-679246.0,1205812.0,132430.0,-14520.0,133802.0,448737.0,161522.0,-54973.0,37536.0,-1705.0,46924.0
1189,VSTA,12/31/2019,0.0,6167794.0,3067711.0,3100083.0,3100083.0,-1885302.0,1670139.0,43287.0,-15907.0,7232.0,989683.0,83012.0,-50269.0,-57820.0,-1409.0,-90315.0
1190,WAFU,3/31/2020,0.0,12565.0,3266.0,9299.0,9065.0,9065.0,9065.0,6834.0,4851.0,937.518,5637.0,5200.0,-2619.0,-1689.0,0.0,-1429.0
1191,WHLR,12/31/2019,-0.0023,484365.0,458358.0,26007.0,-17613.0,-39995.0,323300.0,21591.0,-12529.0,15253.0,63162.0,9672.0,868.0,-4221.0,-1412.0,-8129.0
1192,WIFI,12/31/2019,0.0,600467.0,506986.0,93481.0,92243.0,18724.0,257351.0,40401.0,-44428.0,108710.0,263790.0,43977.0,-173280.0,-10296.0,0.0,-10305.0
1193,WING,12/31/2019,0.0,166113.0,375541.0,-209428.0,-209428.0,-305226.0,101441.0,21175.0,-14617.0,38583.0,199676.0,29670.0,-23731.0,20476.0,0.0,25765.0
1194,WINS,6/30/2018,0.0,309225.0,34947.0,274278.0,274278.0,274278.0,292749.0,18497.0,-20578.0,6501.0,23186.0,19838.0,15184.0,10500.0,0.0,9461.0
1195,WLDN,12/31/2019,0.0,439913.0,272635.0,167278.0,167278.0,-37206.0,297629.0,5452.0,56920.0,11621.0,443099.0,11766.0,-78348.0,4841.0,0.0,4656.0
1196,WMG,9/30/2019,0.0,6017000.0,6286000.0,-269000.0,-289000.0,-3924000.0,2685000.0,619000.0,88000.0,400000.0,4475000.0,501992.0,-376000.0,262764.0,-235.9551,267000.0
1197,WORX,12/31/2019,-0.0018,9993.0,3067.0,6926.0,6925.0,-1647.0,6925.0,487.953,187.548,-4691.0,5548.0,6264.0,4915.0,-11740.0,0.0,-11312.0
1198,WRLD,3/31/2020,0.0039,1030086.0,618123.0,411963.0,411963.0,380144.0,863063.0,11619.0,905.403,257409.0,564133.0,7953.0,-256031.0,28157.0,0.0,34909.0
1199,WSG,12/31/2019,-0.0022,1796061.0,1568047.0,228014.0,224305.0,-800213.0,1069973.0,163225.0,93113.0,27725.0,1030080.0,132449.0,-136587.0,-81733.0,-64637.0,-252652.0
1200,WYNN,12/31/2019,0.0012,13871281.0,12329809.0,1541472.0,1743045.0,1596631.0,12146904.0,2358292.0,299012.0,901070.0,6611099.0,106985.0,-1068598.0,145922.0,-13014.0,488218.0
1201,XP,12/31/2019,0.002,43622768.0,36466809.0,7155959.0,7153396.0,6599944.0,8626110.0,887796.0,4233857.0,-3813992.0,3595772.0,551800.0,-161448.0,11398.0,445200.0,1544109.0
1202,YIN,12/31/2019,0.0011,3665380.0,893934.0,2771446.0,2618550.0,1678102.0,2618550.0,298664.0,-13725.0,199478.0,1691805.0,75415.0,-218104.0,85680.0,0.0,258493.0
1203,YJ,12/31/2019,-0.0091,3302199.0,1837540.0,1464659.0,1453969.0,1453969.0,1453969.0,967743.0,623406.0,-1116816.0,11672024.0,181849.0,-115483.0,-175181.0,6739.0,-137333.0
1204,ZCMD,12/31/2019,0.0,17738.0,2399.0,15339.0,15385.0,15348.0,15385.0,7833.0,-1192.0,1408.0,14883.0,24600.0,-203.074,4047.0,0.0,4388.0
1205,ZUMZ,1/31/2020,0.0026,914258.0,448172.0,466086.0,466086.0,394423.0,466086.0,58563.0,2010.0,105642.0,1034129.0,25535.0,-102931.0,66881.0,0.0,90993.0
